<?xml version="1.0" encoding="UTF-8"?>
<!DOCTYPE html PUBLIC "-//W3C//DTD XHTML 1.0 Transitional//EN"
    "http://www.w3.org/TR/xhtml1/DTD/xhtml1-transitional.dtd">
<html xmlns="http://www.w3.org/1999/xhtml" xml:lang="en" lang="en">
 <head>
  <title>
</title>
<meta http-equiv="Content-Type" content="text/html;charset=utf-8" />
  <meta name='ocr-system' content='tesseract 3.04.00' />
  <meta name='ocr-capabilities' content='ocr_page ocr_carea ocr_par ocr_line ocrx_word'/>
</head>
<body>
  <div class='ocr_page' id='page_1' title='image "./studiamaniliana00moelgoog_0022.png"; bbox 0 0 3194 5208; ppageno 0'>
   <div class='ocr_carea' id='block_1_1' title="bbox 617 384 837 450">
    <p class='ocr_par' dir='ltr' id='par_1_1' title="bbox 617 384 837 450">
     <span class='ocr_line' id='line_1_1' title="bbox 617 384 837 450; baseline 0 -20"><span class='ocrx_word' id='word_1_1' title='bbox 617 384 837 450; x_wconf 62' lang='lat'><strong>..11-</strong></span> 
     </span>
    </p>
   </div>
   <div class='ocr_carea' id='block_1_2' title="bbox 138 543 1316 2090">
    <p class='ocr_par' dir='ltr' id='par_1_2' title="bbox 138 543 1316 1606">
     <span class='ocr_line' id='line_1_2' title="bbox 140 543 1315 634; baseline 0.002 -25"><span class='ocrx_word' id='word_1_2' title='bbox 140 566 201 610; x_wconf 91' lang='lat' dir='ltr'><strong>non</strong></span> <span class='ocrx_word' id='word_1_3' title='bbox 229 546 325 608; x_wconf 92' lang='lat' dir='ltr'><strong>solum</strong></span> <span class='ocrx_word' id='word_1_4' title='bbox 353 547 482 609; x_wconf 82' lang='lat' dir='ltr'><strong>fabulam</strong></span> <span class='ocrx_word' id='word_1_5' title='bbox 509 548 546 609; x_wconf 90' lang='lat' dir='ltr'><strong>de</strong></span> <span class='ocrx_word' id='word_1_6' title='bbox 574 548 707 609; x_wconf 82' lang='lat' dir='ltr'><strong>Dracone</strong></span> <span class='ocrx_word' id='word_1_7' title='bbox 736 547 788 609; x_wconf 90' lang='lat' dir='ltr'><strong>sed</strong></span> <span class='ocrx_word' id='word_1_8' title='bbox 815 547 906 609; x_wconf 92' lang='lat' dir='ltr'><strong>simul</strong></span> <span class='ocrx_word' id='word_1_9' title='bbox 933 549 1022 610; x_wconf 89' lang='lat' dir='ltr'><strong>etiam</strong></span> <span class='ocrx_word' id='word_1_10' title='bbox 1051 549 1087 610; x_wconf 92' lang='lat' dir='ltr'><strong>de</strong></span> <span class='ocrx_word' id='word_1_11' title='bbox 1113 543 1245 634; x_wconf 77' lang='lat' dir='ltr'><strong>Hydra1)</strong></span> <span class='ocrx_word' id='word_1_12' title='bbox 1274 552 1315 612; x_wconf 89' lang='lat' dir='ltr'><strong>ita</strong></span> 
     </span>
     <span class='ocr_line' id='line_1_3' title="bbox 140 645 1316 728; baseline 0.002 -21"><span class='ocrx_word' id='word_1_13' title='bbox 140 654 174 707; x_wconf 92' lang='lat' dir='ltr'><strong>ut</strong></span> <span class='ocrx_word' id='word_1_14' title='bbox 198 646 385 708; x_wconf 91' lang='lat' dir='ltr'><strong>desideratur</strong></span> <span class='ocrx_word' id='word_1_15' title='bbox 409 649 570 728; x_wconf 85' lang='lat' dir='ltr'><strong>continent,</strong></span> <span class='ocrx_word' id='word_1_16' title='bbox 593 649 728 726; x_wconf 80' lang='lat' dir='ltr'><strong>proxime</strong></span> <span class='ocrx_word' id='word_1_17' title='bbox 753 646 874 707; x_wconf 93' lang='lat' dir='ltr'><strong>accedit.</strong></span> <span class='ocrx_word' id='word_1_18' title='bbox 919 645 1027 708; x_wconf 90' lang='lat' dir='ltr'><strong>Parum</strong></span> <span class='ocrx_word' id='word_1_19' title='bbox 1051 646 1170 708; x_wconf 80' lang='lat' dir='ltr'><strong>docebit</strong></span> <span class='ocrx_word' id='word_1_20' title='bbox 1193 647 1316 710; x_wconf 89' lang='lat' dir='ltr'><strong>alterius</strong></span> 
     </span>
     <span class='ocr_line' id='line_1_4' title="bbox 140 743 1316 824; baseline 0.003 -20"><span class='ocrx_word' id='word_1_21' title='bbox 140 743 255 805; x_wconf 83' lang='lat' dir='ltr'><strong>fabulae</strong></span> <span class='ocrx_word' id='word_1_22' title='bbox 280 745 428 824; x_wconf 82' lang='lat' dir='ltr'><strong>quaestio,</strong></span> <span class='ocrx_word' id='word_1_23' title='bbox 451 745 483 803; x_wconf 92' lang='lat' dir='ltr'><strong>in</strong></span> <span class='ocrx_word' id='word_1_24' title='bbox 507 761 563 823; x_wconf 87' lang='lat' dir='ltr'><strong>qua</strong></span> <span class='ocrx_word' id='word_1_25' title='bbox 587 747 800 805; x_wconf 84' lang='lat' dir='ltr'><strong>ratiocinamur</strong></span> <span class='ocrx_word' id='word_1_26' title='bbox 824 762 839 804; x_wconf 92' lang='grc'><strong>3</strong></span> <span class='ocrx_word' id='word_1_27' title='bbox 864 743 954 804; x_wconf 91' lang='lat' dir='ltr'><strong>rebus</strong></span> <span class='ocrx_word' id='word_1_28' title='bbox 978 744 1154 823; x_wconf 90' lang='lat' dir='ltr'><strong>quibusdam</strong></span> <span class='ocrx_word' id='word_1_29' title='bbox 1178 745 1316 807; x_wconf 90' lang='lat' dir='ltr'><strong>similiter</strong></span> 
     </span>
     <span class='ocr_line' id='line_1_5' title="bbox 141 839 1316 924; baseline 0.002 -22"><span class='ocrx_word' id='word_1_30' title='bbox 141 843 270 902; x_wconf 93' lang='lat' dir='ltr'><strong>omissis.</strong></span> <span class='ocrx_word' id='word_1_31' title='bbox 308 840 349 901; x_wconf 86' lang='lat' dir='ltr'><strong>lle</strong></span> <span class='ocrx_word' id='word_1_32' title='bbox 365 840 456 902; x_wconf 76' lang='grc'><strong>1333</strong></span> <span class='ocrx_word' id='word_1_33' title='bbox 476 844 555 902; x_wconf 93' lang='lat' dir='ltr'><strong>enim</strong></span> <span class='ocrx_word' id='word_1_34' title='bbox 578 842 685 924; x_wconf 83' lang='lat' dir='ltr'><strong>sidere,</strong></span> <span class='ocrx_word' id='word_1_35' title='bbox 704 839 791 920; x_wconf 75' lang='lat' dir='ltr'><strong>‘quae</strong></span> <span class='ocrx_word' id='word_1_36' title='bbox 811 849 877 901; x_wconf 92' lang='lat' dir='ltr'><strong>voto</strong></span> <span class='ocrx_word' id='word_1_37' title='bbox 892 842 1015 902; x_wconf 91' lang='lat' dir='ltr'><strong>deorum</strong></span> <span class='ocrx_word' id='word_1_38' title='bbox 1032 842 1128 903; x_wconf 93' lang='lat' dir='ltr'><strong>soluto</strong></span> <span class='ocrx_word' id='word_1_39' title='bbox 1143 845 1223 904; x_wconf 90' lang='lat' dir='ltr'><strong>inter</strong></span> <span class='ocrx_word' id='word_1_40' title='bbox 1237 851 1316 905; x_wconf 89' lang='lat' dir='ltr'><strong>astra</strong></span> 
     </span>
     <span class='ocr_line' id='line_1_6' title="bbox 140 933 1315 1022; baseline 0.002 -22"><span class='ocrx_word' id='word_1_41' title='bbox 140 938 282 1000; x_wconf 90' lang='lat' dir='ltr'><strong>collocata</strong></span> <span class='ocrx_word' id='word_1_42' title='bbox 306 933 410 1022; x_wconf 61' lang='lat' dir='ltr'><strong>est&#39;t),</strong></span> <span class='ocrx_word' id='word_1_43' title='bbox 439 957 507 1000; x_wconf 90' lang='lat' dir='ltr'><strong>cum</strong></span> <span class='ocrx_word' id='word_1_44' title='bbox 535 957 595 999; x_wconf 92' lang='lat' dir='ltr'><strong>non</strong></span> <span class='ocrx_word' id='word_1_45' title='bbox 623 946 682 1000; x_wconf 89' lang='lat' dir='ltr'><strong>tam</strong></span> <span class='ocrx_word' id='word_1_46' title='bbox 708 940 814 999; x_wconf 81' lang='lat' dir='ltr'><strong>faciem</strong></span> <span class='ocrx_word' id='word_1_47' title='bbox 838 941 903 1000; x_wconf 91' lang='lat' dir='ltr'><strong>eius</strong></span> <span class='ocrx_word' id='word_1_48' title='bbox 927 946 956 1000; x_wconf 92' lang='lat' dir='ltr'><strong>et</strong></span> <span class='ocrx_word' id='word_1_49' title='bbox 980 938 1203 1001; x_wconf 82' lang='lat' dir='ltr'><strong>fabricationem</strong></span> <span class='ocrx_word' id='word_1_50' title='bbox 1227 959 1315 1019; x_wconf 92' lang='lat' dir='ltr'><strong>quam</strong></span> 
     </span>
     <span class='ocr_line' id='line_1_7' title="bbox 139 1030 1315 1120; baseline 0.001 -23"><span class='ocrx_word' id='word_1_51' title='bbox 139 1036 251 1097; x_wconf 89' lang='lat' dir='ltr'><strong>bellurn</strong></span> <span class='ocrx_word' id='word_1_52' title='bbox 273 1035 432 1115; x_wconf 85' lang='lat' dir='ltr'><strong>Gigantum</strong></span> <span class='ocrx_word' id='word_1_53' title='bbox 456 1030 577 1120; x_wconf 76' lang='lat' dir='ltr'><strong>saepe⁸)</strong></span> <span class='ocrx_word' id='word_1_54' title='bbox 601 1036 783 1098; x_wconf 88' lang='lat' dir='ltr'><strong>celebratum</strong></span> <span class='ocrx_word' id='word_1_55' title='bbox 807 1036 1004 1115; x_wconf 92' lang='lat' dir='ltr'><strong>omnibusque</strong></span> <span class='ocrx_word' id='word_1_56' title='bbox 1028 1044 1132 1098; x_wconf 90' lang='lat' dir='ltr'><strong>notum</strong></span> <span class='ocrx_word' id='word_1_57' title='bbox 1155 1037 1253 1099; x_wconf 81' lang='lat' dir='ltr'><strong>verbis</strong></span> <span class='ocrx_word' id='word_1_58' title='bbox 1277 1057 1315 1098; x_wconf 91' lang='lat' dir='ltr'><strong>ne</strong></span> 
     </span>
     <span class='ocr_line' id='line_1_8' title="bbox 139 1133 1315 1215; baseline 0.001 -21"><span class='ocrx_word' id='word_1_59' title='bbox 139 1136 226 1195; x_wconf 89' lang='lat' dir='ltr'><strong>novis</strong></span> <span class='ocrx_word' id='word_1_60' title='bbox 250 1134 371 1213; x_wconf 91' lang='lat' dir='ltr'><strong>quidem</strong></span> <span class='ocrx_word' id='word_1_61' title='bbox 392 1133 549 1215; x_wconf 88' lang='lat' dir='ltr'><strong>describat,</strong></span> <span class='ocrx_word' id='word_1_62' title='bbox 572 1133 709 1195; x_wconf 89' lang='lat' dir='ltr'><strong>Manilius</strong></span> <span class='ocrx_word' id='word_1_63' title='bbox 727 1133 848 1194; x_wconf 87' lang='lat' dir='ltr'><strong>brevem</strong></span> <span class='ocrx_word' id='word_1_64' title='bbox 867 1140 897 1194; x_wconf 92' lang='lat' dir='ltr'><strong>et</strong></span> <span class='ocrx_word' id='word_1_65' title='bbox 915 1141 1095 1213; x_wconf 91' lang='lat' dir='ltr'><strong>amputatam</strong></span> <span class='ocrx_word' id='word_1_66' title='bbox 1115 1138 1315 1196; x_wconf 86' lang='lat' dir='ltr'><strong>narrationem</strong></span> 
     </span>
     <span class='ocr_line' id='line_1_9' title="bbox 139 1230 1315 1312; baseline 0.001 -21"><span class='ocrx_word' id='word_1_67' title='bbox 139 1233 172 1291; x_wconf 93' lang='lat' dir='ltr'><strong>in</strong></span> <span class='ocrx_word' id='word_1_68' title='bbox 196 1230 295 1291; x_wconf 88' lang='lat' dir='ltr'><strong>libello</strong></span> <span class='ocrx_word' id='word_1_69' title='bbox 320 1249 374 1291; x_wconf 91' lang='lat' dir='ltr'><strong>suo</strong></span> <span class='ocrx_word' id='word_1_70' title='bbox 397 1233 547 1293; x_wconf 84' lang='lat' dir='ltr'><strong>invenisse</strong></span> <span class='ocrx_word' id='word_1_71' title='bbox 570 1231 693 1292; x_wconf 87' lang='lat' dir='ltr'><strong>videtur.</strong></span> <span class='ocrx_word' id='word_1_72' title='bbox 735 1230 787 1292; x_wconf 89' lang='lat' dir='ltr'><strong>Mla</strong></span> <span class='ocrx_word' id='word_1_73' title='bbox 810 1231 906 1292; x_wconf 81' lang='lat' dir='ltr'><strong>torma</strong></span> <span class='ocrx_word' id='word_1_74' title='bbox 929 1239 976 1291; x_wconf 91' lang='lat' dir='ltr'><strong>est</strong></span> <span class='ocrx_word' id='word_1_75' title='bbox 999 1230 1115 1292; x_wconf 87' lang='lat' dir='ltr'><strong>iabulae</strong></span> <span class='ocrx_word' id='word_1_76' title='bbox 1137 1233 1214 1312; x_wconf 91' lang='lat' dir='ltr'><strong>apud</strong></span> <span class='ocrx_word' id='word_1_77' title='bbox 1234 1233 1315 1293; x_wconf 83' lang='lat' dir='ltr'><strong>Arati</strong></span> 
     </span>
     <span class='ocr_line' id='line_1_10' title="bbox 139 1322 1314 1412; baseline 0.002 -24"><span class='ocrx_word' id='word_1_78' title='bbox 139 1322 362 1412; x_wconf 73' lang='lat' dir='ltr'><strong>scholiastam4)</strong></span> <span class='ocrx_word' id='word_1_79' title='bbox 387 1327 498 1389; x_wconf 87' lang='lat' dir='ltr'><strong>obviae.</strong></span> <span class='ocrx_word' id='word_1_80' title='bbox 539 1328 661 1389; x_wconf 80' lang='lat' dir='ltr'><strong>decedit</strong></span> <span class='ocrx_word' id='word_1_81' title='bbox 683 1336 717 1388; x_wconf 93' lang='lat' dir='ltr'><strong>ut</strong></span> <span class='ocrx_word' id='word_1_82' title='bbox 738 1328 836 1388; x_wconf 86' lang='lat' dir='ltr'><strong>lovem</strong></span> <span class='ocrx_word' id='word_1_83' title='bbox 859 1335 1040 1408; x_wconf 80' lang='lat' dir='ltr'><strong>pugnantem</strong></span> <span class='ocrx_word' id='word_1_84' title='bbox 1063 1347 1122 1389; x_wconf 89' lang='lat' dir='ltr'><strong>non</strong></span> <span class='ocrx_word' id='word_1_85' title='bbox 1142 1338 1244 1390; x_wconf 91' lang='lat' dir='ltr'><strong>contra</strong></span> <span class='ocrx_word' id='word_1_86' title='bbox 1263 1330 1314 1390; x_wconf 91' lang='lat' dir='ltr'><strong>Sa-</strong></span> 
     </span>
     <span class='ocr_line' id='line_1_11' title="bbox 138 1424 1315 1508; baseline 0.001 -21"><span class='ocrx_word' id='word_1_87' title='bbox 138 1433 262 1488; x_wconf 90' lang='lat' dir='ltr'><strong>turnum</strong></span> <span class='ocrx_word' id='word_1_88' title='bbox 285 1426 338 1487; x_wconf 92' lang='lat' dir='ltr'><strong>sed</strong></span> <span class='ocrx_word' id='word_1_89' title='bbox 362 1424 501 1504; x_wconf 88' lang='lat' dir='ltr'><strong>Gigantes</strong></span> <span class='ocrx_word' id='word_1_90' title='bbox 524 1433 588 1507; x_wconf 86' lang='lat' dir='ltr'><strong>aut,</strong></span> <span class='ocrx_word' id='word_1_91' title='bbox 611 1429 663 1505; x_wconf 92' lang='lat' dir='ltr'><strong>qui</strong></span> <span class='ocrx_word' id='word_1_92' title='bbox 687 1425 772 1505; x_wconf 91' lang='lat' dir='ltr'><strong>vulgo</strong></span> <span class='ocrx_word' id='word_1_93' title='bbox 797 1425 876 1486; x_wconf 92' lang='lat' dir='ltr'><strong>idem</strong></span> <span class='ocrx_word' id='word_1_94' title='bbox 899 1433 1054 1508; x_wconf 89' lang='lat' dir='ltr'><strong>putantur,</strong></span> <span class='ocrx_word' id='word_1_95' title='bbox 1081 1425 1203 1486; x_wconf 87' lang='lat' dir='ltr'><strong>Titanes</strong></span> <span class='ocrx_word' id='word_1_96' title='bbox 1227 1427 1315 1488; x_wconf 86' lang='lat' dir='ltr'><strong>saciat</strong></span> 
     </span>
     <span class='ocr_line' id='line_1_12' title="bbox 140 1516 662 1606; baseline 0 -23"><span class='ocrx_word' id='word_1_97' title='bbox 140 1516 301 1606; x_wconf 80' lang='lat' dir='ltr'><strong>uterque⁶)</strong></span> <span class='ocrx_word' id='word_1_98' title='bbox 326 1543 342 1584; x_wconf 94' lang='lat' dir='ltr'><strong>a</strong></span> <span class='ocrx_word' id='word_1_99' title='bbox 365 1525 473 1584; x_wconf 92' lang='lat' dir='ltr'><strong>ceteris</strong></span> <span class='ocrx_word' id='word_1_100' title='bbox 497 1523 662 1583; x_wconf 91' lang='lat' dir='ltr'><strong>discedens.</strong></span> 
     </span>
    </p>

    <p class='ocr_par' dir='ltr' id='par_1_3' title="bbox 139 1621 1314 1877">
     <span class='ocr_line' id='line_1_13' title="bbox 230 1621 1314 1701; baseline 0.002 -21"><span class='ocrx_word' id='word_1_101' title='bbox 230 1621 262 1681; x_wconf 92' lang='lat' dir='ltr'><strong>Si</strong></span> <span class='ocrx_word' id='word_1_102' title='bbox 285 1622 430 1681; x_wconf 91' lang='lat' dir='ltr'><strong>rationem</strong></span> <span class='ocrx_word' id='word_1_103' title='bbox 454 1638 558 1681; x_wconf 90' lang='lat' dir='ltr'><strong>eorum</strong></span> <span class='ocrx_word' id='word_1_104' title='bbox 581 1621 714 1701; x_wconf 85' lang='lat' dir='ltr'><strong>iacimus,</strong></span> <span class='ocrx_word' id='word_1_105' title='bbox 737 1639 812 1700; x_wconf 89' lang='lat' dir='ltr'><strong>quae</strong></span> <span class='ocrx_word' id='word_1_106' title='bbox 835 1621 989 1700; x_wconf 91' lang='lat' dir='ltr'><strong>hucusque</strong></span> <span class='ocrx_word' id='word_1_107' title='bbox 1011 1623 1122 1682; x_wconf 89' lang='lat' dir='ltr'><strong>nostris</strong></span> <span class='ocrx_word' id='word_1_108' title='bbox 1142 1624 1314 1700; x_wconf 93' lang='lat' dir='ltr'><strong>quaestiun-</strong></span> 
     </span>
     <span class='ocr_line' id='line_1_14' title="bbox 139 1717 1312 1800; baseline -0.002 -20"><span class='ocrx_word' id='word_1_109' title='bbox 139 1717 215 1786; x_wconf 86' lang='lat' dir='ltr'><strong>culis</strong></span> <span class='ocrx_word' id='word_1_110' title='bbox 235 1719 340 1779; x_wconf 83' lang='lat' dir='ltr'><strong>effecta</strong></span> <span class='ocrx_word' id='word_1_111' title='bbox 358 1723 436 1800; x_wconf 91' lang='lat' dir='ltr'><strong>sunt,</strong></span> <span class='ocrx_word' id='word_1_112' title='bbox 459 1717 659 1796; x_wconf 82' lang='lat' dir='ltr'><strong>intellegimus</strong></span> <span class='ocrx_word' id='word_1_113' title='bbox 678 1717 757 1779; x_wconf 93' lang='lat' dir='ltr'><strong>hunc</strong></span> <span class='ocrx_word' id='word_1_114' title='bbox 776 1725 895 1798; x_wconf 89' lang='lat' dir='ltr'><strong>poetam</strong></span> <span class='ocrx_word' id='word_1_115' title='bbox 914 1736 981 1779; x_wconf 93' lang='lat' dir='ltr'><strong>cum</strong></span> <span class='ocrx_word' id='word_1_116' title='bbox 1000 1718 1222 1798; x_wconf 81' lang='lat' dir='ltr'><strong>mythographis</strong></span> <span class='ocrx_word' id='word_1_117' title='bbox 1244 1737 1312 1779; x_wconf 91' lang='lat' dir='ltr'><strong>con-</strong></span> 
     </span>
     <span class='ocr_line' id='line_1_15' title="bbox 139 1814 603 1877; baseline 0.002 -1"><span class='ocrx_word' id='word_1_118' title='bbox 139 1818 276 1877; x_wconf 89' lang='lat' dir='ltr'><strong>iunctum</strong></span> <span class='ocrx_word' id='word_1_119' title='bbox 300 1834 366 1876; x_wconf 89' lang='lat' dir='ltr'><strong>esse</strong></span> <span class='ocrx_word' id='word_1_120' title='bbox 389 1822 453 1876; x_wconf 91' lang='lat' dir='ltr'><strong>arto</strong></span> <span class='ocrx_word' id='word_1_121' title='bbox 477 1814 603 1877; x_wconf 86' lang='lat' dir='ltr'><strong>vinculo.</strong></span> 
     </span>
    </p>

    <p class='ocr_par' dir='ltr' id='par_1_4' title="bbox 139 1912 1314 2090">
     <span class='ocr_line' id='line_1_16' title="bbox 228 1912 1314 1996; baseline 0.003 -24"><span class='ocrx_word' id='word_1_122' title='bbox 228 1912 289 1973; x_wconf 91' lang='lat' dir='ltr'><strong>lam</strong></span> <span class='ocrx_word' id='word_1_123' title='bbox 312 1913 566 1992; x_wconf 88' lang='lat' dir='ltr'><strong>transgrediamur</strong></span> <span class='ocrx_word' id='word_1_124' title='bbox 589 1913 625 1974; x_wconf 90' lang='lat' dir='ltr'><strong>ad</strong></span> <span class='ocrx_word' id='word_1_125' title='bbox 649 1931 700 1974; x_wconf 89' lang='lat' dir='ltr'><strong>eos</strong></span> <span class='ocrx_word' id='word_1_126' title='bbox 724 1917 953 1996; x_wconf 89' lang='lat' dir='ltr'><strong>catasterismos,</strong></span> <span class='ocrx_word' id='word_1_127' title='bbox 977 1933 1104 1994; x_wconf 92' lang='lat' dir='ltr'><strong>quorum</strong></span> <span class='ocrx_word' id='word_1_128' title='bbox 1128 1915 1240 1975; x_wconf 81' lang='lat' dir='ltr'><strong>formae</strong></span> <span class='ocrx_word' id='word_1_129' title='bbox 1262 1914 1314 1975; x_wconf 91' lang='lat' dir='ltr'><strong>ali-</strong></span> 
     </span>
     <span class='ocr_line' id='line_1_17' title="bbox 139 2010 887 2090; baseline 0.004 -21"><span class='ocrx_word' id='word_1_130' title='bbox 139 2028 199 2090; x_wconf 94' lang='lat' dir='ltr'><strong>quo</strong></span> <span class='ocrx_word' id='word_1_131' title='bbox 223 2011 310 2070; x_wconf 93' lang='lat' dir='ltr'><strong>modo</strong></span> <span class='ocrx_word' id='word_1_132' title='bbox 333 2016 463 2072; x_wconf 90' lang='lat' dir='ltr'><strong>mutatae</strong></span> <span class='ocrx_word' id='word_1_133' title='bbox 483 2010 565 2090; x_wconf 86' lang='lat' dir='ltr'><strong>&#39;apud</strong></span> <span class='ocrx_word' id='word_1_134' title='bbox 587 2010 740 2072; x_wconf 86' lang='lat' dir='ltr'><strong>Manilium</strong></span> <span class='ocrx_word' id='word_1_135' title='bbox 763 2018 887 2072; x_wconf 85' lang='lat' dir='ltr'><strong>exstant.</strong></span> 
     </span>
    </p>
   </div>
   <div class='ocr_carea' id='block_1_3' title="bbox 137 2113 1315 2588">
    <p class='ocr_par' dir='ltr' id='par_1_5' title="bbox 184 2113 1315 2373">
     <span class='ocr_line' id='line_1_18' title="bbox 230 2113 1315 2201; baseline 0.006 -26"><span class='ocrx_word' id='word_1_136' title='bbox 230 2113 411 2197; x_wconf 65' lang='lat' dir='ltr'><strong>‘domnum</strong></span> <span class='ocrx_word' id='word_1_137' title='bbox 440 2119 504 2197; x_wconf 93' lang='lat' dir='ltr'><strong>qui,</strong></span> <span class='ocrx_word' id='word_1_138' title='bbox 532 2136 601 2178; x_wconf 92' lang='lat' dir='ltr'><strong>cum</strong></span> <span class='ocrx_word' id='word_1_139' title='bbox 625 2118 767 2180; x_wconf 84' lang='lat' dir='ltr'><strong>Phrixum</strong></span> <span class='ocrx_word' id='word_1_140' title='bbox 795 2126 825 2179; x_wconf 91' lang='lat' dir='ltr'><strong>et</strong></span> <span class='ocrx_word' id='word_1_141' title='bbox 849 2118 955 2179; x_wconf 90' lang='lat' dir='ltr'><strong>Hellen</strong></span> <span class='ocrx_word' id='word_1_142' title='bbox 983 2137 1064 2179; x_wconf 92' lang='lat' dir='ltr'><strong>mare</strong></span> <span class='ocrx_word' id='word_1_143' title='bbox 1092 2123 1315 2201; x_wconf 78' lang='lat' dir='ltr'><strong>transvenisset,</strong></span> 
     </span>
     <span class='ocr_line' id='line_1_19' title="bbox 184 2208 1313 2297; baseline 0.003 -23"><span class='ocrx_word' id='word_1_144' title='bbox 184 2216 263 2274; x_wconf 92' lang='lat' dir='ltr'><strong>inter</strong></span> <span class='ocrx_word' id='word_1_145' title='bbox 281 2216 365 2293; x_wconf 89' lang='lat' dir='ltr'><strong>signa</strong></span> <span class='ocrx_word' id='word_1_146' title='bbox 383 2216 499 2293; x_wconf 91' lang='lat' dir='ltr'><strong>positus</strong></span> <span class='ocrx_word' id='word_1_147' title='bbox 518 2208 606 2297; x_wconf 69' lang='lat' dir='ltr'><strong>esti),</strong></span> <span class='ocrx_word' id='word_1_148' title='bbox 628 2218 658 2276; x_wconf 91' lang='lat' dir='ltr'><strong>in</strong></span> <span class='ocrx_word' id='word_1_149' title='bbox 678 2215 759 2276; x_wconf 90' lang='lat' dir='ltr'><strong>caelo</strong></span> <span class='ocrx_word' id='word_1_150' title='bbox 779 2235 896 2295; x_wconf 91' lang='lat' dir='ltr'><strong>quoque</strong></span> <span class='ocrx_word' id='word_1_151' title='bbox 916 2234 1006 2276; x_wconf 91' lang='lat' dir='ltr'><strong>aureo</strong></span> <span class='ocrx_word' id='word_1_152' title='bbox 1026 2215 1134 2276; x_wconf 89' lang='lat' dir='ltr'><strong>vellere</strong></span> <span class='ocrx_word' id='word_1_153' title='bbox 1154 2215 1249 2277; x_wconf 92' lang='lat' dir='ltr'><strong>videri</strong></span> <span class='ocrx_word' id='word_1_154' title='bbox 1268 2219 1313 2277; x_wconf 95' lang='lat' dir='ltr'><strong>in-</strong></span> 
     </span>
     <span class='ocr_line' id='line_1_20' title="bbox 185 2308 301 2373; baseline -0.009 0"><span class='ocrx_word' id='word_1_155' title='bbox 185 2308 301 2373; x_wconf 91' lang='lat' dir='ltr'><strong>dutum&#39;</strong></span> 
     </span>
    </p>

    <p class='ocr_par' dir='ltr' id='par_1_6' title="bbox 137 2403 1313 2588">
     <span class='ocr_line' id='line_1_21' title="bbox 137 2403 1313 2495; baseline 0.003 -25"><span class='ocrx_word' id='word_1_156' title='bbox 137 2403 309 2493; x_wconf 81' lang='lat' dir='ltr'><strong>Manilius⁷)</strong></span> <span class='ocrx_word' id='word_1_157' title='bbox 344 2409 417 2470; x_wconf 91' lang='lat' dir='ltr'><strong>dicit</strong></span> <span class='ocrx_word' id='word_1_158' title='bbox 453 2427 622 2490; x_wconf 89' lang='lat' dir='ltr'><strong>repugnans</strong></span> <span class='ocrx_word' id='word_1_159' title='bbox 655 2429 723 2472; x_wconf 90' lang='lat' dir='ltr'><strong>cum</strong></span> <span class='ocrx_word' id='word_1_160' title='bbox 755 2406 926 2495; x_wconf 82' lang='lat' dir='ltr'><strong>omnibus⁸)</strong></span> <span class='ocrx_word' id='word_1_161' title='bbox 965 2410 1099 2473; x_wconf 92' lang='lat' dir='ltr'><strong>testibus.</strong></span> <span class='ocrx_word' id='word_1_162' title='bbox 1150 2412 1214 2474; x_wconf 89' lang='lat' dir='ltr'><strong>Duo</strong></span> <span class='ocrx_word' id='word_1_163' title='bbox 1247 2432 1313 2474; x_wconf 89' lang='lat' dir='ltr'><strong>esse</strong></span> 
     </span>
     <span class='ocr_line' id='line_1_22' title="bbox 137 2508 1312 2588; baseline 0.003 -20"><span class='ocrx_word' id='word_1_164' title='bbox 137 2516 278 2588; x_wconf 88' lang='lat' dir='ltr'><strong>possunt:</strong></span> <span class='ocrx_word' id='word_1_165' title='bbox 307 2514 358 2580; x_wconf 89' lang='lat' dir='ltr'><strong>aut</strong></span> <span class='ocrx_word' id='word_1_166' title='bbox 384 2514 470 2587; x_wconf 91' lang='lat' dir='ltr'><strong>poeta</strong></span> <span class='ocrx_word' id='word_1_167' title='bbox 498 2510 630 2588; x_wconf 92' lang='lat' dir='ltr'><strong>priorem</strong></span> <span class='ocrx_word' id='word_1_168' title='bbox 657 2508 772 2570; x_wconf 81' lang='lat' dir='ltr'><strong>fabulae</strong></span> <span class='ocrx_word' id='word_1_169' title='bbox 802 2510 926 2570; x_wconf 84' lang='lat' dir='ltr'><strong>formam</strong></span> <span class='ocrx_word' id='word_1_170' title='bbox 950 2529 967 2570; x_wconf 92' lang='lat' dir='ltr'><strong>a</strong></span> <span class='ocrx_word' id='word_1_171' title='bbox 990 2509 1210 2571; x_wconf 89' lang='lat' dir='ltr'><strong>Catasterismis</strong></span> <span class='ocrx_word' id='word_1_172' title='bbox 1232 2511 1312 2572; x_wconf 73' lang='lat' dir='ltr'><strong>Arati</strong></span> 
     </span>
    </p>
   </div>
   <div class='ocr_carea' id='block_1_4' title="bbox 136 2675 354 2688">
    <p class='ocr_par' dir='ltr' id='par_1_7' title="bbox 136 2675 354 2688">
     <span class='ocr_line' id='line_1_23' title="bbox 136 2675 354 2688; baseline 0 -2"><span class='ocrx_word' id='word_1_173' title='bbox 136 2675 354 2688; x_wconf 69' lang='grc' dir='ltr'>-ι-ι-ι--ι</span> 
     </span>
    </p>
   </div>
   <div class='ocr_carea' id='block_1_5' title="bbox 70 2786 1316 4536">
    <p class='ocr_par' dir='ltr' id='par_1_8' title="bbox 137 2786 1316 3018">
     <span class='ocr_line' id='line_1_24' title="bbox 229 2786 1315 2859; baseline 0.004 -20"><span class='ocrx_word' id='word_1_174' title='bbox 229 2788 256 2855; x_wconf 94' lang='grc'><strong>1)</strong></span> <span class='ocrx_word' id='word_1_175' title='bbox 274 2805 299 2840; x_wconf 87' lang='lat' dir='ltr'><strong>v.</strong></span> <span class='ocrx_word' id='word_1_176' title='bbox 313 2792 365 2840; x_wconf 83' lang='lat'><strong>443</strong></span> <span class='ocrx_word' id='word_1_177' title='bbox 380 2805 407 2857; x_wconf 90' lang='lat' dir='ltr'><strong>p.</strong></span> <span class='ocrx_word' id='word_1_178' title='bbox 423 2793 483 2853; x_wconf 91' lang='grc'><strong>424,</strong></span> <span class='ocrx_word' id='word_1_179' title='bbox 499 2794 532 2841; x_wconf 93' lang='grc'><strong>22</strong></span> <span class='ocrx_word' id='word_1_180' title='bbox 554 2789 646 2844; x_wconf 65' lang='grc' dir='ltr'><strong>’τοῦτο</strong></span> <span class='ocrx_word' id='word_1_181' title='bbox 662 2788 693 2845; x_wconf 77' lang='grc' dir='ltr'><strong>δὲ</strong></span> <span class='ocrx_word' id='word_1_182' title='bbox 706 2789 738 2844; x_wconf 81' lang='grc' dir='ltr'><strong>τὸ</strong></span> <span class='ocrx_word' id='word_1_183' title='bbox 753 2790 866 2854; x_wconf 62' lang='lat' dir='ltr'><strong>{Medeon</strong></span> <span class='ocrx_word' id='word_1_184' title='bbox 880 2789 908 2844; x_wconf 83' lang='lat' dir='ltr'><strong>ol</strong></span> <span class='ocrx_word' id='word_1_185' title='bbox 919 2786 1166 2859; x_wconf 71' lang='grc' dir='ltr'><strong><em>ἝλληνεςὛὸραν</em></strong></span> <span class='ocrx_word' id='word_1_186' title='bbox 1182 2788 1315 2844; x_wconf 73' lang='grc' dir='ltr'><strong><em>ἐκάλεσαν</em></strong></span> 
     </span>
     <span class='ocr_line' id='line_1_25' title="bbox 137 2863 1316 2938; baseline -0.001 -16"><span class='ocrx_word' id='word_1_187' title='bbox 137 2867 173 2922; x_wconf 86' lang='grc' dir='ltr'><strong>τὸ</strong></span> <span class='ocrx_word' id='word_1_188' title='bbox 191 2871 286 2932; x_wconf 64' lang='lat' dir='ltr'><strong>cosor,</strong></span> <span class='ocrx_word' id='word_1_189' title='bbox 311 2863 325 2920; x_wconf 85' lang='grc' dir='ltr'><strong><em>ὃ</em></strong></span> <span class='ocrx_word' id='word_1_190' title='bbox 344 2866 552 2938; x_wconf 76' lang='grc' dir='ltr'><strong><em>κατηγωνίσατο</em></strong></span> <span class='ocrx_word' id='word_1_191' title='bbox 572 2868 586 2922; x_wconf 88' lang='lat' dir='ltr'><strong>d</strong></span> <span class='ocrx_word' id='word_1_192' title='bbox 602 2867 753 2938; x_wconf 72' lang='grc' dir='ltr'><strong><em>Ἡρακλῆς·</em></strong></span> <span class='ocrx_word' id='word_1_193' title='bbox 774 2901 807 2910; x_wconf 95' lang='grc'>-</span> <span class='ocrx_word' id='word_1_194' title='bbox 830 2869 970 2937; x_wconf 89' lang='lat' dir='ltr'><strong>fabulam,</strong></span> <span class='ocrx_word' id='word_1_195' title='bbox 994 2886 1067 2938; x_wconf 87' lang='lat' dir='ltr'><strong>quae</strong></span> <span class='ocrx_word' id='word_1_196' title='bbox 1086 2870 1121 2922; x_wconf 91' lang='lat' dir='ltr'><strong>de</strong></span> <span class='ocrx_word' id='word_1_197' title='bbox 1139 2868 1267 2922; x_wconf 85' lang='lat' dir='ltr'><strong>Dracone</strong></span> <span class='ocrx_word' id='word_1_198' title='bbox 1285 2869 1316 2921; x_wconf 91' lang='lat' dir='ltr'><strong>in</strong></span> 
     </span>
     <span class='ocr_line' id='line_1_26' title="bbox 139 2945 1229 3018; baseline 0.001 -18"><span class='ocrx_word' id='word_1_199' title='bbox 139 2946 254 3000; x_wconf 84' lang='lat' dir='ltr'><strong>scholiis</strong></span> <span class='ocrx_word' id='word_1_200' title='bbox 272 2945 378 3016; x_wconf 87' lang='lat' dir='ltr'><strong>legitur</strong></span> <span class='ocrx_word' id='word_1_201' title='bbox 396 2949 630 3018; x_wconf 79' lang='lat' dir='ltr'><strong>(p.³49‚18sq.)‚</strong></span> <span class='ocrx_word' id='word_1_202' title='bbox 649 2948 802 3018; x_wconf 89' lang='lat' dir='ltr'><strong>aliquando</strong></span> <span class='ocrx_word' id='word_1_203' title='bbox 821 2949 978 3003; x_wconf 88' lang='lat' dir='ltr'><strong>uberiorem</strong></span> <span class='ocrx_word' id='word_1_204' title='bbox 997 2949 1084 3003; x_wconf 86' lang='lat' dir='ltr'><strong>fuisse</strong></span> <span class='ocrx_word' id='word_1_205' title='bbox 1104 2950 1229 3017; x_wconf 85' lang='lat' dir='ltr'><strong>apparot.</strong></span> 
     </span>
    </p>

    <p class='ocr_par' dir='ltr' id='par_1_9' title="bbox 137 3026 1316 3417">
     <span class='ocr_line' id='line_1_27' title="bbox 230 3026 1314 3098; baseline 0.004 -20"><span class='ocrx_word' id='word_1_206' title='bbox 230 3028 256 3095; x_wconf 93' lang='grc'><strong>2)</strong></span> <span class='ocrx_word' id='word_1_207' title='bbox 275 3026 371 3080; x_wconf 85' lang='lat' dir='ltr'><strong>Manil.</strong></span> <span class='ocrx_word' id='word_1_208' title='bbox 391 3026 469 3080; x_wconf 89' lang='grc'><strong>1420</strong></span> <span class='ocrx_word' id='word_1_209' title='bbox 480 3045 539 3096; x_wconf 88' lang='lat' dir='ltr'><strong>sqq.</strong></span> <span class='ocrx_word' id='word_1_210' title='bbox 558 3028 584 3082; x_wconf 90' lang='lat' dir='ltr'><strong>V</strong></span> <span class='ocrx_word' id='word_1_211' title='bbox 600 3034 640 3082; x_wconf 86' lang='lat'><strong>18.</strong></span> <span class='ocrx_word' id='word_1_212' title='bbox 656 3034 707 3081; x_wconf 89' lang='grc'><strong>340</strong></span> <span class='ocrx_word' id='word_1_213' title='bbox 718 3047 791 3098; x_wconf 83' lang='lat' dir='ltr'><strong>sqq.;</strong></span> <span class='ocrx_word' id='word_1_214' title='bbox 811 3031 938 3084; x_wconf 86' lang='lat' dir='ltr'><strong>narrant:</strong></span> <span class='ocrx_word' id='word_1_215' title='bbox 960 3029 1057 3083; x_wconf 83' lang='lat' dir='ltr'><strong>‘Aram</strong></span> <span class='ocrx_word' id='word_1_216' title='bbox 1075 3028 1168 3081; x_wconf 89' lang='lat' dir='ltr'><strong>Iovem</strong></span> <span class='ocrx_word' id='word_1_217' title='bbox 1186 3027 1217 3082; x_wconf 89' lang='lat' dir='ltr'><strong>in</strong></span> <span class='ocrx_word' id='word_1_218' title='bbox 1236 3028 1314 3082; x_wconf 84' lang='grc'><strong>33310</strong></span> 
     </span>
     <span class='ocr_line' id='line_1_28' title="bbox 137 3105 1314 3178; baseline 0.004 -20"><span class='ocrx_word' id='word_1_219' title='bbox 137 3105 274 3176; x_wconf 84' lang='lat' dir='ltr'><strong>posuisse,</strong></span> <span class='ocrx_word' id='word_1_220' title='bbox 295 3122 358 3160; x_wconf 91' lang='lat' dir='ltr'><strong>cum</strong></span> <span class='ocrx_word' id='word_1_221' title='bbox 376 3107 406 3161; x_wconf 92' lang='lat' dir='ltr'><strong>in</strong></span> <span class='ocrx_word' id='word_1_222' title='bbox 425 3123 460 3160; x_wconf 91' lang='grc'><strong>33</strong></span> <span class='ocrx_word' id='word_1_223' title='bbox 478 3108 524 3161; x_wconf 89' lang='lat' dir='ltr'><strong>dei</strong></span> <span class='ocrx_word' id='word_1_224' title='bbox 543 3110 609 3162; x_wconf 89' lang='lat' dir='ltr'><strong>ante</strong></span> <span class='ocrx_word' id='word_1_225' title='bbox 626 3108 733 3161; x_wconf 89' lang='lat' dir='ltr'><strong>bellum</strong></span> <span class='ocrx_word' id='word_1_226' title='bbox 748 3109 918 3178; x_wconf 81' lang='lat' dir='ltr'><strong>Giganteum</strong></span> <span class='ocrx_word' id='word_1_227' title='bbox 933 3112 999 3163; x_wconf 79' lang='grc'><strong>1013</strong></span> <span class='ocrx_word' id='word_1_228' title='bbox 1012 3108 1165 3163; x_wconf 88' lang='lat' dir='ltr'><strong>fecissent’.</strong></span> <span class='ocrx_word' id='word_1_229' title='bbox 1185 3140 1218 3148; x_wconf 96' lang='lat'>-</span> <span class='ocrx_word' id='word_1_230' title='bbox 1238 3110 1314 3163; x_wconf 82' lang='lat' dir='ltr'><strong>test:</strong></span> 
     </span>
     <span class='ocr_line' id='line_1_29' title="bbox 138 3185 1316 3258; baseline 0.001 -18"><span class='ocrx_word' id='word_1_231' title='bbox 138 3187 187 3240; x_wconf 84' lang='lat' dir='ltr'><strong>Ar.</strong></span> <span class='ocrx_word' id='word_1_232' title='bbox 208 3185 292 3240; x_wconf 89' lang='lat' dir='ltr'><strong>schol.</strong></span> <span class='ocrx_word' id='word_1_233' title='bbox 312 3204 336 3239; x_wconf 91' lang='lat' dir='ltr'><strong>v.</strong></span> <span class='ocrx_word' id='word_1_234' title='bbox 352 3192 417 3254; x_wconf 76' lang='lat'><strong>4033</strong></span> <span class='ocrx_word' id='word_1_235' title='bbox 438 3185 497 3240; x_wconf 79' lang='lat' dir='ltr'><strong>eat.</strong></span> <span class='ocrx_word' id='word_1_236' title='bbox 511 3206 538 3257; x_wconf 89' lang='lat' dir='ltr'><strong>p.</strong></span> <span class='ocrx_word' id='word_1_237' title='bbox 555 3193 619 3256; x_wconf 75' lang='lat'><strong>2633</strong></span> <span class='ocrx_word' id='word_1_238' title='bbox 639 3188 669 3241; x_wconf 83' lang='grc' dir='ltr'><strong>Τ.</strong></span> <span class='ocrx_word' id='word_1_239' title='bbox 684 3207 711 3258; x_wconf 89' lang='lat' dir='ltr'><strong>p.</strong></span> <span class='ocrx_word' id='word_1_240' title='bbox 728 3195 774 3256; x_wconf 83' lang='lat'><strong>143</strong></span> <span class='ocrx_word' id='word_1_241' title='bbox 793 3189 824 3241; x_wconf 92' lang='lat' dir='ltr'><strong>B.</strong></span> <span class='ocrx_word' id='word_1_242' title='bbox 839 3189 868 3242; x_wconf 90' lang='lat' dir='ltr'><strong>P.</strong></span> <span class='ocrx_word' id='word_1_243' title='bbox 884 3207 911 3258; x_wconf 91' lang='lat' dir='ltr'><strong>p.</strong></span> <span class='ocrx_word' id='word_1_244' title='bbox 927 3193 974 3256; x_wconf 80' lang='lat'><strong>993</strong></span> <span class='ocrx_word' id='word_1_245' title='bbox 993 3188 1066 3258; x_wconf 82' lang='lat' dir='ltr'><strong>Hyg.</strong></span> <span class='ocrx_word' id='word_1_246' title='bbox 1080 3188 1106 3241; x_wconf 91' lang='grc' dir='ltr'>Π</span> <span class='ocrx_word' id='word_1_247' title='bbox 1121 3193 1163 3241; x_wconf 86' lang='grc'><strong>39.</strong></span> <span class='ocrx_word' id='word_1_248' title='bbox 1189 3187 1316 3242; x_wconf 84' lang='lat' dir='ltr'><strong>fabulam</strong></span> 
     </span>
     <span class='ocr_line' id='line_1_30' title="bbox 138 3265 1316 3338; baseline 0.001 -19"><span class='ocrx_word' id='word_1_249' title='bbox 138 3266 222 3320; x_wconf 87' lang='lat' dir='ltr'><strong>Arati</strong></span> <span class='ocrx_word' id='word_1_250' title='bbox 236 3265 321 3320; x_wconf 90' lang='lat' dir='ltr'><strong>schol.</strong></span> <span class='ocrx_word' id='word_1_251' title='bbox 341 3266 378 3319; x_wconf 91' lang='lat' dir='ltr'><strong>ad</strong></span> <span class='ocrx_word' id='word_1_252' title='bbox 391 3267 606 3322; x_wconf 85' lang='lat' dir='ltr'><strong>Eratosthenem</strong></span> <span class='ocrx_word' id='word_1_253' title='bbox 619 3270 738 3334; x_wconf 87' lang='lat' dir='ltr'><strong>revocat,</strong></span> <span class='ocrx_word' id='word_1_254' title='bbox 759 3285 843 3338; x_wconf 91' lang='lat' dir='ltr'><strong>quem</strong></span> <span class='ocrx_word' id='word_1_255' title='bbox 857 3284 891 3322; x_wconf 87' lang='lat' dir='ltr'><strong>ex</strong></span> <span class='ocrx_word' id='word_1_256' title='bbox 903 3268 1103 3338; x_wconf 86' lang='lat' dir='ltr'><strong>Aglaostheur&#39;s</strong></span> <span class='ocrx_word' id='word_1_257' title='bbox 1117 3267 1232 3321; x_wconf 85' lang='lat' dir='ltr'><strong>Naxicis</strong></span> <span class='ocrx_word' id='word_1_258' title='bbox 1246 3267 1316 3321; x_wconf 84' lang='lat' dir='ltr'><strong>hau-</strong></span> 
     </span>
     <span class='ocr_line' id='line_1_31' title="bbox 139 3345 521 3417; baseline 0.008 -18"><span class='ocrx_word' id='word_1_259' title='bbox 139 3345 211 3400; x_wconf 85' lang='lat' dir='ltr'><strong>sisse</strong></span> <span class='ocrx_word' id='word_1_260' title='bbox 228 3346 335 3400; x_wconf 81' lang='lat' dir='ltr'><strong>Robort</strong></span> <span class='ocrx_word' id='word_1_261' title='bbox 351 3365 379 3416; x_wconf 90' lang='lat' dir='ltr'><strong>p.</strong></span> <span class='ocrx_word' id='word_1_262' title='bbox 395 3352 410 3400; x_wconf 88' lang='lat'>8</span> <span class='ocrx_word' id='word_1_263' title='bbox 429 3349 521 3417; x_wconf 89' lang='lat' dir='ltr'><strong>putat.</strong></span> 
     </span>
    </p>

    <p class='ocr_par' dir='ltr' id='par_1_10' title="bbox 231 3427 765 3497">
     <span class='ocr_line' id='line_1_32' title="bbox 231 3427 765 3497; baseline 0.006 -19"><span class='ocrx_word' id='word_1_264' title='bbox 231 3429 257 3494; x_wconf 91' lang='grc'><strong>3)</strong></span> <span class='ocrx_word' id='word_1_265' title='bbox 275 3427 354 3481; x_wconf 89' lang='grc'><strong>1420</strong></span> <span class='ocrx_word' id='word_1_266' title='bbox 365 3445 424 3496; x_wconf 93' lang='lat' dir='ltr'><strong>sqq.</strong></span> <span class='ocrx_word' id='word_1_267' title='bbox 444 3428 470 3480; x_wconf 88' lang='lat'><strong>11</strong></span> <span class='ocrx_word' id='word_1_268' title='bbox 484 3433 537 3481; x_wconf 81' lang='grc'><strong>814</strong></span> <span class='ocrx_word' id='word_1_269' title='bbox 547 3445 606 3497; x_wconf 89' lang='lat' dir='ltr'><strong>sqq.</strong></span> <span class='ocrx_word' id='word_1_270' title='bbox 626 3428 665 3480; x_wconf 84' lang='grc' dir='ltr'><strong>ΠΙ</strong></span> <span class='ocrx_word' id='word_1_271' title='bbox 680 3434 765 3497; x_wconf 79' lang='lat' dir='ltr'><strong>bsqq.</strong></span> 
     </span>
    </p>

    <p class='ocr_par' dir='ltr' id='par_1_11' title="bbox 137 3507 1316 3736">
     <span class='ocr_line' id='line_1_33' title="bbox 230 3507 1315 3577; baseline 0.002 -19"><span class='ocrx_word' id='word_1_272' title='bbox 230 3508 256 3577; x_wconf 91' lang='grc'><strong>4)</strong></span> <span class='ocrx_word' id='word_1_273' title='bbox 276 3525 300 3561; x_wconf 89' lang='lat' dir='ltr'><strong>v.</strong></span> <span class='ocrx_word' id='word_1_274' title='bbox 320 3512 372 3560; x_wconf 88' lang='grc'><strong>403</strong></span> <span class='ocrx_word' id='word_1_275' title='bbox 391 3525 418 3577; x_wconf 93' lang='lat' dir='ltr'><strong>p.</strong></span> <span class='ocrx_word' id='word_1_276' title='bbox 438 3513 498 3573; x_wconf 89' lang='lat'><strong>418,</strong></span> <span class='ocrx_word' id='word_1_277' title='bbox 519 3513 631 3561; x_wconf 86' lang='grc'><strong>24-26,</strong></span> <span class='ocrx_word' id='word_1_278' title='bbox 670 3524 735 3561; x_wconf 90' lang='lat' dir='ltr'><strong>nam</strong></span> <span class='ocrx_word' id='word_1_279' title='bbox 759 3508 876 3562; x_wconf 86' lang='lat' dir='ltr'><strong>alteram</strong></span> <span class='ocrx_word' id='word_1_280' title='bbox 897 3507 1029 3574; x_wconf 83' lang='lat' dir='ltr'><strong>formam,</strong></span> <span class='ocrx_word' id='word_1_281' title='bbox 1054 3524 1127 3576; x_wconf 90' lang='lat' dir='ltr'><strong>quae</strong></span> <span class='ocrx_word' id='word_1_282' title='bbox 1145 3507 1267 3576; x_wconf 87' lang='lat' dir='ltr'><strong>priorem</strong></span> <span class='ocrx_word' id='word_1_283' title='bbox 1285 3508 1315 3560; x_wconf 89' lang='lat' dir='ltr'><strong>in</strong></span> 
     </span>
     <span class='ocr_line' id='line_1_34' title="bbox 138 3585 1316 3657; baseline 0.001 -17"><span class='ocrx_word' id='word_1_284' title='bbox 138 3585 254 3641; x_wconf 90' lang='lat' dir='ltr'><strong>scholiis</strong></span> <span class='ocrx_word' id='word_1_285' title='bbox 278 3586 470 3656; x_wconf 84' lang='lat' dir='ltr'><strong>subsequitur,</strong></span> <span class='ocrx_word' id='word_1_286' title='bbox 497 3603 512 3640; x_wconf 91' lang='lat' dir='ltr'><strong>e</strong></span> <span class='ocrx_word' id='word_1_287' title='bbox 532 3587 591 3643; x_wconf 80' lang='lat' dir='ltr'><strong>(lat.</strong></span> <span class='ocrx_word' id='word_1_288' title='bbox 611 3588 794 3657; x_wconf 89' lang='lat' dir='ltr'><strong>amplioribus</strong></span> <span class='ocrx_word' id='word_1_289' title='bbox 818 3603 878 3642; x_wconf 90' lang='lat' dir='ltr'><strong>esse</strong></span> <span class='ocrx_word' id='word_1_290' title='bbox 901 3587 1101 3656; x_wconf 87' lang='lat' dir='ltr'><strong>interpolatam</strong></span> <span class='ocrx_word' id='word_1_291' title='bbox 1123 3586 1316 3656; x_wconf 88' lang='lat' dir='ltr'><strong>unusquisque</strong></span> 
     </span>
     <span class='ocr_line' id='line_1_35' title="bbox 137 3665 512 3736; baseline 0 -16"><span class='ocrx_word' id='word_1_292' title='bbox 137 3665 283 3736; x_wconf 86' lang='lat' dir='ltr'><strong>intellegit</strong></span> <span class='ocrx_word' id='word_1_293' title='bbox 301 3665 347 3735; x_wconf 85' lang='lat' dir='ltr'><strong>(cf.</strong></span> <span class='ocrx_word' id='word_1_294' title='bbox 366 3666 397 3720; x_wconf 88' lang='lat' dir='ltr'><strong>T.</strong></span> <span class='ocrx_word' id='word_1_295' title='bbox 416 3685 444 3736; x_wconf 91' lang='lat' dir='ltr'><strong>p.</strong></span> <span class='ocrx_word' id='word_1_296' title='bbox 461 3669 512 3736; x_wconf 89' lang='lat'><strong>14).</strong></span> 
     </span>
    </p>

    <p class='ocr_par' dir='ltr' id='par_1_12' title="bbox 229 3745 1035 3818">
     <span class='ocr_line' id='line_1_36' title="bbox 229 3745 1035 3818; baseline 0.005 -20"><span class='ocrx_word' id='word_1_297' title='bbox 229 3747 256 3815; x_wconf 92' lang='grc'><strong>5)</strong></span> <span class='ocrx_word' id='word_1_298' title='bbox 276 3745 348 3799; x_wconf 86' lang='lat' dir='ltr'><strong>Sane</strong></span> <span class='ocrx_word' id='word_1_299' title='bbox 367 3746 495 3816; x_wconf 82' lang='lat' dir='ltr'><strong>Hyginus</strong></span> <span class='ocrx_word' id='word_1_300' title='bbox 514 3764 626 3816; x_wconf 88' lang='lat' dir='ltr'><strong>quoque</strong></span> <span class='ocrx_word' id='word_1_301' title='bbox 645 3748 672 3817; x_wconf 87' lang='lat' dir='ltr'><strong>(l.</strong></span> <span class='ocrx_word' id='word_1_302' title='bbox 693 3751 726 3818; x_wconf 88' lang='grc'><strong>0,)</strong></span> <span class='ocrx_word' id='word_1_303' title='bbox 746 3765 809 3802; x_wconf 91' lang='lat' dir='ltr'><strong>cum</strong></span> <span class='ocrx_word' id='word_1_304' title='bbox 829 3748 868 3802; x_wconf 90' lang='lat' dir='ltr'><strong>eis</strong></span> <span class='ocrx_word' id='word_1_305' title='bbox 888 3748 1035 3802; x_wconf 85' lang='lat' dir='ltr'><strong>consentit.</strong></span> 
     </span>
    </p>

    <p class='ocr_par' dir='ltr' id='par_1_13' title="bbox 136 3825 1315 4136">
     <span class='ocr_line' id='line_1_37' title="bbox 231 3825 1314 3898; baseline 0.003 -20"><span class='ocrx_word' id='word_1_306' title='bbox 231 3827 257 3894; x_wconf 88' lang='grc'><strong>6)</strong></span> <span class='ocrx_word' id='word_1_307' title='bbox 276 3825 374 3879; x_wconf 86' lang='lat' dir='ltr'><strong>Manil.</strong></span> <span class='ocrx_word' id='word_1_308' title='bbox 393 3827 419 3879; x_wconf 89' lang='lat' dir='ltr'><strong>H</strong></span> <span class='ocrx_word' id='word_1_309' title='bbox 437 3832 479 3881; x_wconf 93' lang='grc'><strong>34.</strong></span> <span class='ocrx_word' id='word_1_310' title='bbox 499 3827 537 3880; x_wconf 93' lang='grc' dir='ltr'><strong>ΙΠ</strong></span> <span class='ocrx_word' id='word_1_311' title='bbox 557 3832 615 3881; x_wconf 91' lang='grc'><strong>304.</strong></span> <span class='ocrx_word' id='word_1_312' title='bbox 635 3827 675 3881; x_wconf 90' lang='lat' dir='ltr'><strong>IV</strong></span> <span class='ocrx_word' id='word_1_313' title='bbox 688 3833 741 3881; x_wconf 87' lang='grc'><strong>514</strong></span> <span class='ocrx_word' id='word_1_314' title='bbox 751 3845 811 3897; x_wconf 88' lang='lat' dir='ltr'><strong>sqq.</strong></span> <span class='ocrx_word' id='word_1_315' title='bbox 829 3830 910 3898; x_wconf 83' lang='grc'><strong>(615),</strong></span> <span class='ocrx_word' id='word_1_316' title='bbox 931 3833 981 3881; x_wconf 80' lang='grc'><strong>746</strong></span> <span class='ocrx_word' id='word_1_317' title='bbox 992 3845 1052 3896; x_wconf 86' lang='lat' dir='ltr'><strong>sqq.</strong></span> <span class='ocrx_word' id='word_1_318' title='bbox 1072 3827 1098 3881; x_wconf 91' lang='lat' dir='ltr'><strong>V</strong></span> <span class='ocrx_word' id='word_1_319' title='bbox 1113 3833 1145 3880; x_wconf 83' lang='lat'><strong>32</strong></span> <span class='ocrx_word' id='word_1_320' title='bbox 1157 3846 1216 3896; x_wconf 87' lang='lat' dir='ltr'><strong>sqq.</strong></span> <span class='ocrx_word' id='word_1_321' title='bbox 1233 3829 1314 3898; x_wconf 83' lang='grc'><strong>(318).</strong></span> 
     </span>
     <span class='ocr_line' id='line_1_38' title="bbox 139 3905 1315 3977; baseline 0.002 -19"><span class='ocrx_word' id='word_1_322' title='bbox 139 3937 175 3946; x_wconf 92' lang='lat'>-</span> <span class='ocrx_word' id='word_1_323' title='bbox 194 3907 271 3959; x_wconf 81' lang='lat' dir='ltr'><strong>test:</strong></span> <span class='ocrx_word' id='word_1_324' title='bbox 292 3905 372 3959; x_wconf 89' lang='lat' dir='ltr'><strong>Ovid.</strong></span> <span class='ocrx_word' id='word_1_325' title='bbox 387 3906 450 3960; x_wconf 88' lang='lat' dir='ltr'><strong>fast.</strong></span> <span class='ocrx_word' id='word_1_326' title='bbox 468 3907 507 3959; x_wconf 90' lang='lat' dir='ltr'><strong>III</strong></span> <span class='ocrx_word' id='word_1_327' title='bbox 521 3912 572 3960; x_wconf 85' lang='lat'><strong>850</strong></span> <span class='ocrx_word' id='word_1_328' title='bbox 583 3925 642 3976; x_wconf 91' lang='lat' dir='ltr'><strong>sqq.</strong></span> <span class='ocrx_word' id='word_1_329' title='bbox 661 3907 701 3961; x_wconf 87' lang='lat' dir='ltr'><strong>IV</strong></span> <span class='ocrx_word' id='word_1_330' title='bbox 717 3913 767 3961; x_wconf 82' lang='grc'><strong>715</strong></span> <span class='ocrx_word' id='word_1_331' title='bbox 777 3926 831 3977; x_wconf 86' lang='lat' dir='ltr'><strong>sq.;</strong></span> <span class='ocrx_word' id='word_1_332' title='bbox 852 3907 943 3961; x_wconf 79' lang='lat' dir='ltr'><strong>Germ.</strong></span> <span class='ocrx_word' id='word_1_333' title='bbox 960 3913 1010 3960; x_wconf 88' lang='grc'><strong>532</strong></span> <span class='ocrx_word' id='word_1_334' title='bbox 1022 3924 1095 3975; x_wconf 84' lang='lat' dir='ltr'><strong>sqq.;</strong></span> <span class='ocrx_word' id='word_1_335' title='bbox 1114 3906 1211 3962; x_wconf 86' lang='lat' dir='ltr'><strong>Avien.</strong></span> <span class='ocrx_word' id='word_1_336' title='bbox 1233 3913 1315 3974; x_wconf 86' lang='grc'><strong>1283;</strong></span> 
     </span>
     <span class='ocr_line' id='line_1_39' title="bbox 136 3985 1314 4055; baseline 0.002 -16"><span class='ocrx_word' id='word_1_337' title='bbox 136 3987 244 4039; x_wconf 89' lang='lat' dir='ltr'><strong>Auson.</strong></span> <span class='ocrx_word' id='word_1_338' title='bbox 260 3985 310 4040; x_wconf 92' lang='lat' dir='ltr'><strong>ecl.</strong></span> <span class='ocrx_word' id='word_1_339' title='bbox 327 3992 342 4039; x_wconf 91' lang='grc'><strong>8</strong></span> <span class='ocrx_word' id='word_1_340' title='bbox 356 4004 383 4054; x_wconf 89' lang='lat' dir='ltr'><strong>p.</strong></span> <span class='ocrx_word' id='word_1_341' title='bbox 396 3992 437 4039; x_wconf 92' lang='grc'><strong>12.</strong></span> <span class='ocrx_word' id='word_1_342' title='bbox 453 3992 477 4052; x_wconf 85' lang='grc'><strong>0,</strong></span> <span class='ocrx_word' id='word_1_343' title='bbox 493 3992 509 4038; x_wconf 94' lang='grc'><strong>4</strong></span> <span class='ocrx_word' id='word_1_344' title='bbox 523 4005 550 4055; x_wconf 89' lang='lat' dir='ltr'><strong>p.</strong></span> <span class='ocrx_word' id='word_1_345' title='bbox 563 3992 609 4053; x_wconf 76' lang='lat'><strong>133</strong></span> <span class='ocrx_word' id='word_1_346' title='bbox 628 3986 674 4041; x_wconf 82' lang='lat' dir='ltr'><strong>Ar.</strong></span> <span class='ocrx_word' id='word_1_347' title='bbox 690 3987 890 4054; x_wconf 81' lang='grc' dir='ltr'><strong>301101.ν.225;</strong></span> <span class='ocrx_word' id='word_1_348' title='bbox 911 3985 969 4040; x_wconf 82' lang='lat' dir='ltr'><strong>Cat.</strong></span> <span class='ocrx_word' id='word_1_349' title='bbox 984 4005 1011 4055; x_wconf 89' lang='lat' dir='ltr'><strong>p.</strong></span> <span class='ocrx_word' id='word_1_350' title='bbox 1023 3991 1088 4055; x_wconf 88' lang='grc'><strong>221;</strong></span> <span class='ocrx_word' id='word_1_351' title='bbox 1108 3986 1138 4039; x_wconf 83' lang='grc' dir='ltr'><strong>Τ.</strong></span> <span class='ocrx_word' id='word_1_352' title='bbox 1154 4004 1180 4055; x_wconf 90' lang='lat' dir='ltr'><strong>p.</strong></span> <span class='ocrx_word' id='word_1_353' title='bbox 1192 3992 1221 4053; x_wconf 85' lang='grc'><strong>5;</strong></span> <span class='ocrx_word' id='word_1_354' title='bbox 1239 3988 1269 4040; x_wconf 93' lang='lat' dir='ltr'><strong>B.</strong></span> <span class='ocrx_word' id='word_1_355' title='bbox 1285 3987 1314 4041; x_wconf 90' lang='lat' dir='ltr'><strong>P.</strong></span> 
     </span>
     <span class='ocr_line' id='line_1_40' title="bbox 137 4065 1042 4136; baseline 0.002 -18"><span class='ocrx_word' id='word_1_356' title='bbox 137 4084 167 4134; x_wconf 89' lang='lat' dir='ltr'><strong>p.</strong></span> <span class='ocrx_word' id='word_1_357' title='bbox 184 4070 216 4118; x_wconf 77' lang='lat' dir='ltr'><strong>to</strong></span> <span class='ocrx_word' id='word_1_358' title='bbox 228 4082 302 4133; x_wconf 81' lang='lat' dir='ltr'><strong>sqq.3</strong></span> <span class='ocrx_word' id='word_1_359' title='bbox 321 4065 393 4136; x_wconf 81' lang='lat' dir='ltr'><strong>Hyg.</strong></span> <span class='ocrx_word' id='word_1_360' title='bbox 408 4067 434 4118; x_wconf 93' lang='grc' dir='ltr'>Π</span> <span class='ocrx_word' id='word_1_361' title='bbox 448 4072 494 4134; x_wconf 84' lang='grc'><strong>20;</strong></span> <span class='ocrx_word' id='word_1_362' title='bbox 513 4066 621 4136; x_wconf 84' lang='lat' dir='ltr'><strong>Ampel.</strong></span> <span class='ocrx_word' id='word_1_363' title='bbox 636 4067 663 4120; x_wconf 91' lang='lat' dir='ltr'><strong>II</strong></span> <span class='ocrx_word' id='word_1_364' title='bbox 679 4073 706 4134; x_wconf 86' lang='lat'><strong>1;</strong></span> <span class='ocrx_word' id='word_1_365' title='bbox 726 4067 814 4136; x_wconf 81' lang='lat' dir='ltr'><strong>Myth.</strong></span> <span class='ocrx_word' id='word_1_366' title='bbox 829 4068 893 4122; x_wconf 84' lang='lat' dir='ltr'><strong>Vat.</strong></span> <span class='ocrx_word' id='word_1_367' title='bbox 908 4068 946 4119; x_wconf 92' lang='grc' dir='ltr'><strong>ΙΠ</strong></span> <span class='ocrx_word' id='word_1_368' title='bbox 961 4071 1003 4135; x_wconf 84' lang='grc'><strong>15,</strong></span> <span class='ocrx_word' id='word_1_369' title='bbox 1019 4072 1042 4120; x_wconf 89' lang='lat'><strong>1.</strong></span> 
     </span>
    </p>

    <p class='ocr_par' dir='ltr' id='par_1_14' title="bbox 139 4145 1314 4298">
     <span class='ocr_line' id='line_1_41' title="bbox 231 4145 1314 4217; baseline 0 -19"><span class='ocrx_word' id='word_1_370' title='bbox 231 4147 258 4214; x_wconf 80' lang='grc'><strong>7)</strong></span> <span class='ocrx_word' id='word_1_371' title='bbox 276 4145 289 4198; x_wconf 96' lang='lat' dir='ltr'>I</span> <span class='ocrx_word' id='word_1_372' title='bbox 304 4151 363 4199; x_wconf 87' lang='grc'><strong>233.</strong></span> <span class='ocrx_word' id='word_1_373' title='bbox 382 4146 408 4198; x_wconf 94' lang='grc' dir='ltr'>Π</span> <span class='ocrx_word' id='word_1_374' title='bbox 423 4152 482 4200; x_wconf 92' lang='grc'><strong>215.</strong></span> <span class='ocrx_word' id='word_1_375' title='bbox 499 4152 558 4200; x_wconf 88' lang='grc'><strong>532.</strong></span> <span class='ocrx_word' id='word_1_376' title='bbox 578 4147 616 4200; x_wconf 83' lang='grc' dir='ltr'><strong>ΠΙ</strong></span> <span class='ocrx_word' id='word_1_377' title='bbox 630 4152 689 4201; x_wconf 91' lang='grc'><strong>304.</strong></span> <span class='ocrx_word' id='word_1_378' title='bbox 705 4152 757 4200; x_wconf 93' lang='grc'><strong>445</strong></span> <span class='ocrx_word' id='word_1_379' title='bbox 777 4147 884 4217; x_wconf 88' lang='lat' dir='ltr'><strong>(itaque</strong></span> <span class='ocrx_word' id='word_1_380' title='bbox 898 4146 1035 4216; x_wconf 83' lang='lat' dir='ltr'><strong>Scaligeri</strong></span> <span class='ocrx_word' id='word_1_381' title='bbox 1050 4145 1249 4201; x_wconf 80' lang='lat' dir='ltr'><strong>coniecturali</strong></span> <span class='ocrx_word' id='word_1_382' title='bbox 1264 4151 1314 4199; x_wconf 91' lang='grc'><strong>522</strong></span> 
     </span>
     <span class='ocr_line' id='line_1_42' title="bbox 139 4225 1044 4298; baseline 0 -19"><span class='ocrx_word' id='word_1_383' title='bbox 139 4226 184 4279; x_wconf 87' lang='grc'><strong>331</strong></span> <span class='ocrx_word' id='word_1_384' title='bbox 202 4225 371 4296; x_wconf 80' lang='lat' dir='ltr'><strong>refutanda).</strong></span> <span class='ocrx_word' id='word_1_385' title='bbox 409 4226 559 4280; x_wconf 88' lang='lat' dir='ltr'><strong>Manilium</strong></span> <span class='ocrx_word' id='word_1_386' title='bbox 578 4226 759 4281; x_wconf 81' lang='lat' dir='ltr'><strong>Germanicus</strong></span> <span class='ocrx_word' id='word_1_387' title='bbox 778 4229 812 4298; x_wconf 83' lang='lat' dir='ltr'><strong>(v.</strong></span> <span class='ocrx_word' id='word_1_388' title='bbox 829 4228 891 4296; x_wconf 84' lang='grc'><strong>532)</strong></span> <span class='ocrx_word' id='word_1_389' title='bbox 910 4228 1044 4295; x_wconf 86' lang='lat' dir='ltr'><strong>sequitur.</strong></span> 
     </span>
    </p>

    <p class='ocr_par' dir='ltr' id='par_1_15' title="bbox 70 4303 1316 4536">
     <span class='ocr_line' id='line_1_43' title="bbox 231 4303 1316 4378; baseline 0.002 -20"><span class='ocrx_word' id='word_1_390' title='bbox 231 4306 258 4373; x_wconf 90' lang='lat'><strong>8)</strong></span> <span class='ocrx_word' id='word_1_391' title='bbox 277 4305 339 4358; x_wconf 86' lang='lat' dir='ltr'><strong>Etsi</strong></span> <span class='ocrx_word' id='word_1_392' title='bbox 358 4306 417 4360; x_wconf 93' lang='lat' dir='ltr'><strong>cod.</strong></span> <span class='ocrx_word' id='word_1_393' title='bbox 434 4306 456 4358; x_wconf 89' lang='lat' dir='ltr'>T</span> <span class='ocrx_word' id='word_1_394' title='bbox 471 4309 507 4376; x_wconf 91' lang='lat' dir='ltr'><strong>(p.</strong></span> <span class='ocrx_word' id='word_1_395' title='bbox 523 4308 549 4376; x_wconf 93' lang='grc'><strong>5)</strong></span> <span class='ocrx_word' id='word_1_396' title='bbox 569 4308 598 4360; x_wconf 90' lang='grc'><strong>31</strong></span> <span class='ocrx_word' id='word_1_397' title='bbox 615 4307 705 4361; x_wconf 87' lang='lat' dir='ltr'><strong>versio</strong></span> <span class='ocrx_word' id='word_1_398' title='bbox 723 4307 773 4361; x_wconf 87' lang='lat' dir='ltr'><strong>lat.</strong></span> <span class='ocrx_word' id='word_1_399' title='bbox 790 4310 826 4378; x_wconf 85' lang='lat' dir='ltr'><strong>(p.</strong></span> <span class='ocrx_word' id='word_1_400' title='bbox 843 4307 904 4377; x_wconf 92' lang='grc'><strong>222)</strong></span> <span class='ocrx_word' id='word_1_401' title='bbox 923 4307 1008 4360; x_wconf 90' lang='lat' dir='ltr'><strong>verba</strong></span> <span class='ocrx_word' id='word_1_402' title='bbox 1028 4303 1109 4360; x_wconf 66' lang='grc' dir='ltr'><strong><em>*ὅθεν</em></strong></span> <span class='ocrx_word' id='word_1_403' title='bbox 1124 4303 1316 4374; x_wconf 81' lang='grc' dir='ltr'><strong><em>ἀμαυρότερον</em></strong></span> 
     </span>
     <span class='ocr_line' id='line_1_44' title="bbox 70 4381 1316 4456; baseline -0.001 -18"><span class='ocrx_word' id='word_1_404' title='bbox 70 4395 75 4408; x_wconf 91' lang='grc'><em>·</em></span> <span class='ocrx_word' id='word_1_405' title='bbox 138 4381 285 4453; x_wconf 57' lang='lat' dir='ltr'><strong>privarer</strong></span> <span class='ocrx_word' id='word_1_406' title='bbox 302 4386 445 4453; x_wconf 87' lang='lat' dir='ltr'><strong>omittunt,</strong></span> <span class='ocrx_word' id='word_1_407' title='bbox 459 4388 554 4440; x_wconf 90' lang='lat' dir='ltr'><strong>tamen</strong></span> <span class='ocrx_word' id='word_1_408' title='bbox 568 4387 637 4455; x_wconf 90' lang='lat' dir='ltr'><strong>pelli</strong></span> <span class='ocrx_word' id='word_1_409' title='bbox 652 4387 795 4442; x_wconf 88' lang='lat' dir='ltr'><strong>detractae</strong></span> <span class='ocrx_word' id='word_1_410' title='bbox 810 4388 838 4440; x_wconf 90' lang='grc'><strong>31</strong></span> <span class='ocrx_word' id='word_1_411' title='bbox 852 4387 888 4440; x_wconf 83' lang='grc'><strong>31)</strong></span> <span class='ocrx_word' id='word_1_412' title='bbox 903 4386 990 4440; x_wconf 83' lang='lat' dir='ltr'><strong>Aeeta</strong></span> <span class='ocrx_word' id='word_1_413' title='bbox 1004 4400 1155 4456; x_wconf 89' lang='lat' dir='ltr'><strong>suspensae</strong></span> <span class='ocrx_word' id='word_1_414' title='bbox 1170 4386 1316 4454; x_wconf 88' lang='lat' dir='ltr'><strong>opponunt</strong></span> 
     </span>
     <span class='ocr_line' id='line_1_45' title="bbox 137 4464 751 4536; baseline 0.003 -18"><span class='ocrx_word' id='word_1_415' title='bbox 137 4464 267 4520; x_wconf 89' lang='lat' dir='ltr'><strong>Arietem</strong></span> <span class='ocrx_word' id='word_1_416' title='bbox 286 4467 400 4520; x_wconf 81' lang='lat' dir='ltr'><strong>exutum</strong></span> <span class='ocrx_word' id='word_1_417' title='bbox 418 4466 598 4536; x_wconf 89' lang='lat' dir='ltr'><strong>positumque</strong></span> <span class='ocrx_word' id='word_1_418' title='bbox 615 4467 646 4520; x_wconf 90' lang='lat' dir='ltr'><strong>in</strong></span> <span class='ocrx_word' id='word_1_419' title='bbox 665 4467 751 4521; x_wconf 88' lang='lat' dir='ltr'><strong>caelo.</strong></span> 
     </span>
    </p>
   </div>
   <div class='ocr_carea' id='block_1_6' title="bbox 0 0 1602 5208">
    <p class='ocr_par' dir='ltr' id='par_1_16' title="bbox 0 0 1602 5208">
     <span class='ocr_line' id='line_1_46' title="bbox 0 0 1602 5208; baseline 0 0"><span class='ocrx_word' id='word_1_420' title='bbox 0 0 1602 5208; x_wconf 95' lang='lat' dir='ltr'><strong> </strong></span> 
     </span>
    </p>
   </div>
  </div>
 </body>
</html>
