3194 5208
602 386 821 449 -15-.

132 566 219 609 casse.
265 546 339 607 Nam
367 545 489 608 verbum
514 543 654 607 ‘oriendi'
682 548 718 607 ad
747 547 829 607 sidus
857 555 887 606 et
914 565 970 608 vox
995 544 1081 626 ‘ipsa'
1104 547 1299 609 antecedente

130 663 197 706 voce
226 640 347 724 ‘puella'
376 637 415 727 (V
433 640 499 706 254
509 643 568 725 sq.)
596 644 632 705 ad
660 643 741 704 illam
771 651 913 723 spectant.
959 643 1031 705 Eius
1062 647 1300 706 catasterismum

131 742 265 803 Manilius
288 741 409 821 quidem
432 744 584 821 expressis
607 740 707 802 verbis
730 759 876 820 nusquam
900 749 1112 803 commemorat
1130 749 1161 802 et
1177 742 1300 822 plurimi

131 832 321 922 scriptores1)
350 857 415 899 eam
443 838 640 901 immortalem
667 839 775 900 iactam
801 857 860 899 una
889 857 956 899 cum
982 839 1097 901 Baccho
1125 842 1156 899 in
1184 839 1299 900 caelum

129 939 242 998 vexisse
265 936 400 1017 tradunt,
425 936 478 998 sed
502 937 614 1015 aliquot
636 952 799 1015 gravesque
823 943 953 1018 exstant,
977 939 1028 1016 qui
1051 937 1194 1016 Scaligeri
1217 955 1297 997 com-

129 1033 252 1114 probant
275 1036 461 1095 sententiam.
506 1033 625 1095 Primus
646 1033 820 1113 Propertius
843 1028 1042 1116 11117,8²):

217 1137 259 1202 ‘te
284 1140 458 1219 [Bacchum]
483 1159 602 1220 quoque
626 1144 706 1202 enim
724 1159 784 1202 non
803 1159 870 1201 esse
889 1140 995 1201 rudem
1014 1148 1140 1202 testatur
1158 1143 1190 1203 in
1209 1143 1298 1203 astris

214 1237 363 1318 Lyncibus
386 1239 422 1298 ad
446 1238 560 1299 caelum
584 1245 666 1300 vecta
689 1238 816 1299 Ariadna
839 1235 922 1319 tuis',

130 1345 232 1406 deinde
247 1345 369 1426 Seneca,
384 1347 435 1423 qui
447 1344 612 1406 Phaedram
625 1345 782 1406 Ariadnam
797 1347 839 1406 ita
852 1347 1037 1406 invocantem
1053 1346 1137 1424 lingit
1150 1339 1190 1428 (r.
1202 1338 1298 1429 663):

215 1448 266 1533 We,
287 1458 327 1532 te,
350 1469 444 1532 soror,
467 1470 644 1531 quacunque
668 1451 778 1512 siderei
800 1451 862 1533 poli

214 1551 246 1610 in
268 1555 352 1629 parte
375 1547 480 1630 fulges,
502 1551 629 1611 invoco.
645 1546 697 1630 ‚.',

128 1659 174 1718 his
197 1656 305 1718 similia
329 1654 419 1716 verba
441 1662 511 1716 sunt
533 1655 633 1717 Nonni
656 1649 789 1739 (Dionys.
812 1656 912 1716 XLVll
932 1651 1025 1739 703):

711 1759 755 1823 ‘el
776 1757 877 1844 χθονὶ
901 1761 1019 1843 λάμπει

285 1855 406 1942 αδδέρα
428 1857 627 1923 ναιετάουσα
649 1857 729 1940 μετὰ
751 1858 887 1942 Κρήτην
907 1853 1098 1942 Ἀριάδνη;’,

127 1975 188 2029 tum
211 1967 343 2029 lustinus
365 1967 484 2048 Martyr.
509 1961 555 2052 (in
578 1966 692 2046 Apoll
715 1967 750 2026 ad
774 1967 879 2027 Anton.
902 1966 988 2028 Pium
1012 1987 1036 2029 c.
1056 1962 1129 2052 21):

215 2070 234 2136 ἱ
253 2120 261 2134 .
280 2121 288 2136 .
310 2073 347 2134 τί
365 2071 428 2155 γὰρ
453 2069 592 2156 λέγομεν
614 2070 676 2153 τὴν
695 2065 873 2155 Ἀριάδνην
891 2068 946 2135 καὶ
964 2073 1042 2147 τοὺς
1061 2070 1182 2155 ὁμοίως
1201 2071 1298 2156 αὐτῆι

214 2171 470 2252 κατηστερίσθαι
492 2167 713 2253 λεηομένους’,

126 2279 254 2358 denique
276 2277 449 2339 Eustathius
472 2280 524 2357 qui
547 2278 583 2338 ad
607 2277 660 2338 Od.
679 2277 799 2340 x1324
823 2279 955 2339 adnotat:
980 2271 991 2293 ’

215 2381 263 2446 ‘ol
282 2377 343 2465 μὲν
364 2382 524 2465 νεώτεροί
543 2399 625 2465 φασι
644 2381 857 2466 ...ὕστερον
880 2377 918 2446 δὲ
941 2380 978 2445 ἐν
999 2393 1069 2458 τοῖς
1092 2382 1225 2467 ἄστροις
1247 2405 1297 2447 τε·

213 2485 316 2562 θῆναι
339 2478 445 2561 αὐτην
463 2474 643 2565 (Ariadnen)
662 2501 697 2543 τε
720 2476 776 2543 καὶ
798 2481 858 2544 τὸν
882 2477 1030 2564 ρηθέντα
1053 2476 1220 2564 στέφανον
1242 2477 1297 2544 καὶ

214 2579 272 2642 τὸν
296 2575 392 2659 αὐτῆι
415 2574 713 2640 ἀποκολονδοῦντα
736 2576 843 2641 κύνα’.

123 2685 269 2747 Ariadnae
298 2687 535 2746 catasterismum
565 2692 595 2746 et
621 2689 718 2765 poetis
741 2686 899 2765 Augusteis
928 2693 958 2747 et
981 2687 1224 2766 compilatoribus
1249 2707 1296 2749 ae·
1338 2666 1344 2678 ⁹

122 2785 193 2844 tatis
220 2784 396 2861 posterioris
424 2791 525 2843 notum
555 2784 648 2843 luisse
671 2784 718 2844 his
742 2802 758 2843 e
784 2787 963 2844 testimoniis
987 2803 1055 2844 cum
1079 2785 1209 2866 eluceat,
1237 2789 1296 2846 iam

122 2880 228 2940 doctos
250 2879 473 2961 Alexandrinos,
496 2881 607 2941 iontem
631 2880 751 2942 illorum
774 2899 971 2962 communem,
994 2900 1062 2943 eum
1086 2883 1208 2943 tinxisse
1232 2886 1297 2944 iure

120 2978 344 3038 ratiocinamur.
389 2976 469 3036 llaec
497 2979 643 3037 sententia
671 2995 706 3036 eo
735 2979 883 3059 firmatur,
914 2979 991 3057 quod
1016 2978 1099 3038 illum
1124 2983 1296 3058 cognovisse

120 3073 262 3134 ridentur
284 3075 373 3134 etiam
398 3073 472 3154 Cat,
503 3077 612 3154 quippe
641 3077 693 3153 qui
721 3084 835 3154 septem
859 3075 959 3136 stellas
983 3076 1019 3136 ad
1042 3076 1150 3136 Leonis
1174 3077 1296 3138 caudam

120 3175 197 3232 sitas
224 3171 394 3251 πλόκαμον
415 3165 591 3252 Ἀριάδνης
619 3171 766 3252 appellent
790 3167 833 3255 (p.
854 3166 967 3255 193b).
1013 3171 1151 3232 Manilius
1179 3191 1296 3253 quoque

120 3269 158 3329 ab
192 3266 251 3328 illis
284 3267 381 3347 aliquo
415 3268 502 3329 modo
534 3271 661 3348 pendeat
693 3270 819 3330 sortasse
851 3269 955 3330 Ouidio
988 3270 1176 3330 intermedio.
1222 3270 1296 3330 Nam

119 3365 209 3426 Ovidi
231 3365 320 3425 verba
344 3359 423 3449 (last.
442 3361 581 3450 111513)
606 3364 738 3446 ‘sintque
762 3374 829 3429 tuae
853 3376 952 3427 tecum
976 3367 1080 3426 faciam
1106 3374 1296 3427 monumenta

119 3459 269 3525 Coronae'
300 3465 366 3523 iure
394 3471 519 3542 possunt
546 3464 679 3543 intellegi
707 3451 744 3525 de
771 3464 915 3524 Ariadnae
944 3458 1189 3546 catasterismo.³)
1239 3464 1296 3524 To-

117 3569 183 3622 tam
214 3563 306 3638 igitur
337 3561 464 3621 fabulam
494 3561 631 3622 Manilius
665 3562 742 3639 apud
773 3560 909 3622 Ovidium
942 3563 1078 3620 invenire
1109 3565 1214 3638 potuit.
1260 3561 1297 3621 Al

118 3658 211 3719 sedes
233 3657 377 3718 Ariadnae
406 3657 543 3718 caelestis
570 3657 657 3718 nobis
687 3666 732 3718 est
759 3658 931 3736 indaganda.
977 3656 1051 3718 Cum
1079 3659 1144 3717 eins
1173 3658 1256 3719 sidus
1280 3677 1296 3719 a

212 3903 238 3970 1)
257 3899 370 3955 Hesiod.
390 3900 494 3972 Theog.
515 3907 579 3969 9493
599 3902 713 3956 Lucien.
733 3903 807 3956 deor.
828 3919 902 3956 cons.
922 3919 944 3955 c.
960 3901 998 3969 V;
1018 3900 1112 3965 Quini.
1133 3899 1240 3970 Smym.
1257 3900 1296 3954 IV

115 3986 259 4049 38‘1sqq.;
278 3980 351 4050 Hyg.
370 3981 389 4033 f.
405 3987 470 4049 2243
489 3982 595 4036 Pnobus
615 3983 652 4036 ad
666 3982 714 4036 Ge.
729 3982 822 4049 12223
841 3981 968 4035 Leciant
989 3980 1043 4032 div.
1063 3981 1127 4033 inst.
1142 3980 1203 4034 11o
1218 3999 1245 4048 p.
1261 3986 1295 4033 35

113 4060 281 4131 (exscripsit
300 4059 431 4114 Ovidium
445 4061 508 4114 fast.
524 4061 563 4114 III
577 4065 707 4132 510sqq).

212 4142 239 4209 2)
257 4139 371 4194 Nueoke
386 4140 487 4211 (Veler.
499 4140 558 4195 Oai.
569 4143 611 4195 ed.
622 4161 650 4211 p.
662 4145 723 4212 181)
738 4145 767 4196 et
776 4141 925 4196 Rothstein
935 4142 974 4214 (in
985 4141 1062 4212 edit.)
1072 4140 1295 4195 Bronckhusium

113 4221 212 4273 secuti
229 4235 324 4274 versus
342 4221 417 4275 mole
435 4221 585 4290 explicent.

211 4302 239 4369 3)
257 4299 363 4354 Eodem
381 4302 465 4355 modo
483 4318 578 4355 versus
597 4302 798 4371 interpretetur
816 4301 917 4356 Doniel
935 4302 1047 4369 Parcus,
1069 4301 1118 4371 qni
1136 4302 1166 4354 in
1185 4301 1295 4354 schedis

112 4380 179 4433 suis
203 4380 322 4434 adnotet
346 4380 486 4434 ‘solebant
508 4381 641 4435 nimirum
664 4382 697 4436 od
721 4381 808 4450 μόνον
825 4382 875 4436 τὸν
894 4380 1034 4450 στέφανον
1053 4381 1121 4434 ἀλλὰ
1139 4382 1189 4435 καὶ
1206 4380 1295 4451 αὐτὴν

109 4459 169 4530 τὴν
185 4456 337 4530 Ἀριάδνην
355 4458 580 4529 καταστερίζειν’.
601 4462 646 4532 (cf.
661 4461 778 4528 Merkel,
791 4458 861 4529 prol.
878 4460 956 4515 ovid.
972 4461 1036 4515 fast.
1051 4478 1078 4530 p.
1094 4460 1158 4531 XC).
