3194 5208
606 413 824 477 ..19-

129 577 211 658 Eam,
235 595 310 656 qnae
334 577 370 636 de
389 576 457 636 Sole
481 594 600 636 reverso
624 571 712 660 estl),
735 574 860 636 excludo
883 575 919 635 ab
941 575 996 636 hac
1020 577 1202 656 quaestione,
1226 593 1298 654 quo-

129 678 209 736 niam
238 681 272 735 ut
298 673 349 734 alii
376 667 569 757 scriptores²)
594 676 634 735 ita
656 673 794 733 Manilius
821 679 956 734 naturam
985 675 1050 733 eius
1072 672 1301 752 mythologicam

129 766 212 856 hici)
244 790 367 851 prorsus
399 770 536 832 neclexit.
582 770 772 832 Naturalibus
804 771 877 832 duas
910 769 1121 850 explicationes
1153 769 1302 832 fabulosas

130 879 218 951 poeta
240 871 381 949 inseruit3
404 869 497 930 altera
519 868 592 930 haec
616 876 674 929 est:

130 985 146 1045 l
165 981 230 1047 750
240 1003 303 1064 sqq.
342 984 404 1046 Nec
427 984 501 1044 mihi
525 983 645 1044 celanda
669 992 715 1046 est
738 985 832 1045 lamae
855 984 971 1062 vulgata
993 992 1124 1045 vetustas
1210 1035 1212 1038 .

344 1081 473 1142 Mollior:
497 1101 513 1142 e
537 1084 623 1142 niveo
646 1081 731 1143 laetis
754 1081 876 1143 fluxisse
899 1081 1046 1161 liquorem

345 1179 469 1240 Pectore
493 1181 611 1258 reginae
635 1180 735 1242 divum
759 1179 936 1259 caelumque
955 1179 1054 1240 colore

345 1276 487 1338 Iniecisse
511 1296 573 1339 suo.
612 1297 670 1357 qua
693 1284 815 1357 propter
838 1276 950 1338 lacteus
973 1276 1055 1338 orbis

345 1375 468 1456 Dicitur,
491 1383 521 1435 et
544 1393 652 1437 nomen
676 1394 765 1435 causa
788 1375 942 1436 descendit
965 1373 1001 1435 ab
1024 1376 1097 1454 ipsa.

131 1491 215 1552 Hanc
239 1491 275 1551 de
298 1489 386 1551 lactei
409 1489 513 1551 circuli
537 1491 651 1568 origine
674 1489 859 1551 historiolam
877 1485 1112 1571 Eratosthenem,
1135 1508 1151 1550 a
1175 1508 1233 1569 quo
1255 1490 1304 1550 hic

132 1596 220 1668 poeta
243 1587 340 1667 aliqua
363 1595 514 1649 mutuatus
538 1595 593 1667 est,
615 1587 741 1665 diversis
765 1586 905 1667 operibus
929 1606 989 1648 uon
1011 1606 1072 1648 uno
1094 1588 1182 1647 modo
1203 1605 1305 1647 narra-

132 1689 213 1746 visse
239 1685 368 1746 hchilles
399 1678 441 1768 (p.
465 1681 517 1766 55,
542 1683 584 1747 10
595 1679 673 1767 sqq.)
706 1685 785 1746 dicit.
831 1685 909 1746 Duas
937 1684 1053 1746 fabulae
1082 1685 1206 1765 lormas,
1237 1702 1305 1745 eum

79 1817 85 1828 ·
135 1786 296 1862 scriptores
319 1801 379 1843 non
403 1782 499 1843 solum
522 1790 585 1843 arte
609 1784 790 1861 coniungant
812 1782 865 1843 sed
888 1785 977 1843 etiam
998 1785 1078 1843 varie
1096 1784 1306 1862 permisceant,

134 1884 167 1941 in
194 1883 353 1960 pristinam
380 1883 580 1959 integritatem
608 1898 656 1941 me
683 1880 828 1942 reducere
855 1882 1002 1960 imprimis
1031 1881 1232 1941 necessarium
1261 1886 1308 1939 est
1386 1915 1403 1940 .

134 1979 172 2039 ad
195 1981 399 2058 quaestionem
422 1986 562 2039 nostram.
604 1977 648 2037 Ex
671 1977 752 2037 Arati
776 1977 950 2038 scholiastae
975 1971 1026 2061 (ad
1047 1997 1071 2038 v.
1090 1971 1171 2059 474)
1195 1984 1226 2037 et
1248 1975 1307 2055 Hy·

133 2079 198 2154 gini
221 2071 322 2159 (1143
341 2094 369 2155 p.
385 2074 437 2156 80,
453 2070 598 2158 12-15)
623 2075 720 2136 verbis
744 2075 800 2136 hoc
824 2075 946 2136 alterius
965 2074 1081 2135 fabulae
1100 2081 1307 2153 argumentum

135 2191 360 2253 recuperamus,
388 2191 476 2252 quam
499 2176 530 2233 in
554 2166 718 2256 earminet)
743 2169 906 2234 ‘Mercurii'
929 2172 1156 2233 Eratosthenem
1179 2188 1307 2232 comme-

135 2289 267 2332 morasse
289 2273 353 2332 reri
375 2270 471 2331 simile
494 2277 552 2332 est:
716 2271 720 2282 '

270 2382 471 2467 ‘Mercurium
485 2405 574 2465 quem
588 2387 681 2447 inscia
696 2387 869 2468 nutriverat,
882 2386 955 2447 luno
968 2386 1092 2448 1111111111
1102 2387 1253 2465 cognitum
1267 2388 1308 2446 ita

181 2503 197 2544 a
221 2503 253 2545 se
276 2487 389 2564 reiecit,
412 2492 445 2545 ut
467 2483 543 2544 lacte
567 2485 661 2544 effuso
685 2484 800 2545 caelum
823 2481 1018 2564 aspergeret'.

137 2599 237 2660 hltero
265 2618 354 2679 opere
384 2606 495 2680 autem,
523 2593 810 2684 Koropepsopffl)
834 2600 914 2682 dico,
942 2601 1070 2662 eundem
1093 2601 1199 2662 iecisse
1223 2600 1309 2661 deam

135 2697 263 2758 Hercule
285 2715 441 2758 mammam
465 2697 668 2758 vehementius
692 2706 816 2776 sugente
839 2700 943 2759 iratam
963 2697 1008 2758 lac
1027 2698 1222 2759 eiaculantem
1240 2716 1308 2778 pro·

137 2789 213 2878 dit⁶)
236 2795 373 2856 hohilles.
419 2795 533 2854 Eximie
557 2803 644 2874 poeta
666 2797 813 2873 excogitat
836 2814 852 2856 a
875 2794 1022 2857 llercurio
1046 2795 1145 2875 decipi
1166 2794 1310 2856 lunonem

227 2985 253 3053 1)
273 2983 394 3048 Quidam
416 2985 532 3038 1111111111
553 2983 676 3038 lacteum
700 2983 795 3039 orbem
817 2984 885 3040 olim
907 2984 995 3038 fuisse
1019 2983 1090 3038 Solis
1113 2984 1199 3050 viam,
1224 2999 1309 3055 quam

137 3063 262 3118 facinore
280 3063 409 3132 Thyestis
429 3065 577 3134 conspecto
596 3064 742 3134 reliquerit
760 3064 794 3119 cf.
809 3064 910 3118 Achill.
925 3083 952 3134 p.
969 3069 1011 3131 tt,
1027 3069 1068 3118 18.
1105 3064 1252 3133 Philopou.
1272 3065 1309 3118 ad

137 3142 252 3198 Aristot.
271 3142 289 3196 l.
308 3143 327 3196 i.
347 3160 369 3197 c.
389 3162 416 3213 p.
433 3148 493 3210 101,
508 3149 541 3197 32
552 3162 612 3212 sqq.

227 3225 254 3292 t)
273 3223 708 3294 1111141111111111(111111ο1.18
722 3243 750 3294 p.
762 3231 833 3291 345⁸,
845 3227 902 3295 lo);
916 3225 998 3280 Philo
1012 3225 1132 3279 Iudaeus
1147 3225 1193 3293 (de
1202 3223 1309 3294 provid.

138 3321 165 3373 p.
178 3308 236 3356 101.
257 3302 291 3357 ef.
306 3303 403 3370 Η11111,
418 3303 559 3382 Eratosth.
574 3304 607 3357 fr.
620 3304 685 3358 xvi
697 3324 724 3374 p.
736 3308 794 3376 47);
808 3305 907 3360 Aetius
921 3305 994 3370 1111,
1005 3311 1034 3372 23
1048 3304 1171 3358 Isidorus
1186 3304 1309 3375 (etymol.

138 3383 178 3436 ni
190 3386 244 3453 46).
627 3379 630 3386 ’

228 3465 255 3533 3)
273 3463 287 3516 Ι
306 3469 437 3518 tna-34.
457 3495 490 3505 -
512 3459 626 3518 fabulae
644 3464 734 3534 ipsius
752 3465 922 3519 mentionem
941 3464 1012 3519 facit
1029 3464 1068 3518 ΠΙ
1087 3470 1128 3519 18.
1148 3464 1239 3519 Vddt
1263 3463 1309 3534 (cf.

138 3543 276 3612 Anonym.
295 3543 309 3596 I
325 3562 353 3613 p.
369 3549 411 3611 98,
427 3550 442 3597 5
457 3544 508 3612 M.,
528 3544 638 3599 Servius
657 3545 694 3598 ad
712 3544 780 3598 Aen.
800 3544 897 3614 Isos).

229 3624 256 3692 4)
275 3622 355 3677 Hanc
373 3623 488 3694 Bergln'i
507 3626 536 3679 et
553 3623 653 3678 Hilleri
676 3624 845 3678 sententiam
863 3625 985 3694 probant
994 3623 1109 3694 Hygini
1128 3623 1238 3677 codices
1256 3623 1311 3676 ite-

139 3702 264 3772 ginenaia
284 3703 313 3756 et
330 3703 604 3773 Montepesaulanus‚
629 3721 698 3771 quos
716 3703 801 3758 verba
820 3704 907 3774 (1143
926 3722 953 3773 p.
973 3708 1016 3770 80,
1037 3705 1081 3772 13)
1101 3703 1311 3757 ‘Eratosthenes

139 3783 216 3836 enim
233 3782 305 3837 dicit
322 3783 352 3836 in
370 3783 519 3837 Mercurio’
539 3786 683 3854 praestare
701 3784 821 3838 Bursian
840 3786 989 3852 asseverat,
1008 3783 1042 3838 ol.
1061 3783 1168 3838 Robert
1185 3802 1212 3853 p.
1229 3791 1252 3838 6.
1270 3787 1310 3836 30.

229 3865 255 3932 t)
275 3861 398 3918 Achilles
415 3882 442 3933 p.
463 3869 510 3929 tt,
531 3870 564 3917 10
583 3865 633 3932 Μ.,
656 3864 727 3918 haec
750 3865 878 3921 codicum
899 3863 984 3918 lectio
1007 3864 1037 3916 in
1062 3863 1310 3932 ‘Koraorspcopcts’

138 3943 245 3996 mutari
258 3959 314 3997 non
328 3943 435 4011 debuit,
454 3946 486 3997 ut
500 3945 681 3998 Eratostheni
695 3945 822 4014 spurium
835 3962 905 4014 opus
920 3944 1130 4013 supponeretur.
1158 3943 1186 3995 N
1187 3959 1222 3997 on
1236 3942 1311 4009 lieet,

138 4024 173 4075 ut
191 4022 242 4076 illa
260 4023 420 4078 coniectura
438 4023 574 4091 firmetur,
594 4024 678 4077 verba
696 4024 777 4078 Arati
796 4024 964 4078 scholiastae
983 4025 1017 4092 (v.
1038 4025 1099 4092 134)
1123 4021 1234 4088 afferre,
1257 4022 1313 4075 nisi

138 4101 211 4156 haec
236 4103 273 4156 ad
295 4102 509 4157 Eratosthenem
533 4103 673 4173 pertinere
698 4104 870 4173 gravissimis
896 4102 1068 4172 argumentis
1092 4103 1176 4156 antea
1199 4102 1312 4155 demon-

140 4182 278 4236 straverit.
310 4182 410 4252 Itaque
425 4183 516 4237 Rehm
534 4184 703 4238 sententiam
721 4200 811 4253 nuper
828 4183 969 4252 prolatam
982 4182 1141 4250 nuperrime
1155 4182 1216 4235 iure
1228 4181 1312 4234 resci-

140 4262 185 4315 dit
203 4261 285 4331 (Berl.
300 4262 369 4332 phil.
381 4263 478 4317 Woeh.
495 4268 563 4332 1899
578 4282 605 4333 p.
618 4265 753 4334 138211.)
787 4263 830 4317 Ne
848 4263 1049 4332 redarguamus
1068 4262 1157 4338 igitur
1173 4259 1312 4314 Achillem

140 4342 254 4407 erroris,
277 4343 443 4411 praesertim
466 4361 530 4397 curn
547 4341 696 4397 Dittmann
717 4343 793 4397 hune
814 4342 929 4397 titulum
951 4341 1137 4411 probabiliter
1157 4340 1312 4409 explicatus

140 4423 179 4476 sit
198 4422 256 4492 (‘de
275 4422 387 4492 Hygino
406 4423 487 4477 Arati
505 4423 668 4493 interprete'
688 4442 715 4493 p.
731 4426 783 4494 13).

231 4504 258 4576 6)
276 4521 303 4575 p.
324 4507 485 4571 tt,.9-—14.
523 4503 669 4573 Philopon.
689 4503 707 4558 l.
728 4521 750 4558 c.
773 4521 800 4573 p.
822 4507 886 4572 115,
906 4509 947 4557 22.
977 4534 1010 4543 -
1038 4500 1187 4556 Herculem
1213 4499 1313 4558 lunoni

1065 4591 1100 4650 2*
