3194 5208
764 368 983 433 ..22-

289 552 351 596 non
359 533 559 614 probaretur.
604 531 706 612 ltaque
734 533 847 592 rectius
875 531 1008 593 dicamus
1037 534 1194 611 utriusque
1222 551 1355 594 errorem
1384 533 1461 594 indi-

290 632 358 693 dem
381 631 511 692 lluxisse.

380 728 659 790 Catastcrismorum
682 731 840 790 consensio
864 730 1010 810 quomodo
1035 729 1207 809 explicanda
1231 732 1283 812 sit,
1309 731 1340 790 in
1363 730 1461 792 medio

294 827 440 906 relinquo.
481 827 565 909 Nam,
589 844 656 887 cum
679 826 722 887 ihi
744 826 854 888 mulae
877 827 965 888 huius
988 835 1092 908 poetae
1114 826 1228 889 fabulae
1247 829 1354 907 partim
1362 821 1388 912 1)
1411 829 1462 888 de-

292 929 353 986 sint
383 919 525 1008 partim²)
556 923 643 985 aliter
672 932 845 1006 narrentur,
876 925 1013 987 Manilius
1045 932 1097 986 aut
1128 924 1218 986 alium
1247 933 1366 1006 praeter
1395 924 1462 986 illos

292 1024 403 1084 iontem
426 1023 562 1084 hausisse
585 1029 683 1102 potest
706 1029 756 1083 aut
779 1023 906 1084 eundem
930 1031 1018 1102 atque
1041 1021 1092 1084 illi.

381 1119 499 1182 Scholia
527 1139 645 1199 quoque
668 1119 774 1181 Aratea
802 1127 832 1181 et
859 1128 975 1200 poetam
1005 1121 1104 1200 aliquo
1127 1121 1215 1181 modo
1238 1120 1398 1182 cohaerere
1422 1121 1463 1180 f-

292 1217 372 1278 hulis
399 1218 518 1296 quidem
547 1220 618 1278 satis
646 1216 766 1297 planum
795 1219 861 1278 lieri
889 1221 1035 1299 nequivit,
1067 1237 1245 1298 quamquam
1272 1212 1463 1302 maximam³)

293 1334 395 1378 earum
410 1322 525 1395 partem
540 1314 786 1395 complectuntur,
806 1315 857 1376 sed
872 1323 1088 1398 argumentum,
1107 1334 1165 1395 qno
1185 1316 1214 1376 id
1234 1316 1464 1397 demonstretur,

293 1420 413 1495 praesto
437 1419 502 1499 est.
536 1412 793 1492 Bellerophontem
817 1415 906 1494 euim,
930 1416 1039 1494 quippe
1058 1415 1107 1475 cui
1125 1432 1222 1492 neque
1242 1431 1347 1474 currus
1366 1432 1464 1492 neque

294 1514 363 1592 equi
387 1511 555 1590 quadriiugi
578 1511 713 1592 luissent,
737 1509 792 1571 suh
810 1510 936 1589 Aurigae
960 1511 1057 1572 sidere
1079 1514 1211 1590 genitum
1230 1509 1303 1571 lalso
1322 1511 1464 1572 inducere

292 1609 445 1670 Manilium
470 1602 508 1691 (v
531 1602 589 1691 97)
618 1615 803 1689 putaremus,
830 1611 889 1669 nisi
916 1609 1004 1670 rerba
1030 1609 1112 1670 Arati
1140 1608 1314 1670 scholiastae
1339 1603 1379 1692 (r.
1400 1607 1461 1671 161

293 1725 321 1786 p.
342 1704 416 1784 368,
437 1699 493 1789 12)
517 1706 659 1766 docerent
677 1704 789 1785 aliquot
807 1705 991 1785 mythologos
1009 1709 1065 1767 hoc
1085 1707 1167 1767 sidus
1186 1707 1222 1767 ad
1241 1706 1324 1767 illurn
1343 1706 1465 1767 heroem

296 1801 456 1864 rettulisse.
494 1803 632 1864 Manilius
646 1805 738 1882 igitur
751 1803 831 1864 hunc
846 1807 1092 1884 catasterismum,
1109 1822 1197 1884 quem
1213 1802 1368 1865 scholiasta
1384 1804 1465 1864 solus

296 1907 516 1982 commemorat,
530 1901 607 1981 apud
623 1900 705 1962 illurn
720 1904 819 1981 ipsum
834 1904 948 1962 invenit
960 1909 1010 1962 aut
1020 1902 1096 1982 apud
1107 1920 1295 1962 communem
1305 1908 1464 1963 auctorem.

383 1996 463 2059 llaec
491 2005 573 2079 sunt,
602 2017 676 2077 quae
705 2017 721 2058 e
750 1998 857 2068 lahulis
885 1999 921 2059 de
948 2002 1013 2060 eius
1037 1998 1168 2061 lontibus
1192 2001 1308 2078 exquiri
1331 2006 1465 2078 possunt.

297 2096 446 2166 Quantum
466 2114 499 2156 ea
518 2095 645 2175 probent
663 2103 693 2156 et
712 2096 850 2157 adiuvent
863 2096 964 2157 Manili
982 2100 1077 2177 ipsius
1096 2097 1194 2178 rerha,
1213 2100 1270 2158 iam
1289 2104 1465 2176 spectemus.

384 2191 464 2252 Nihil
483 2193 595 2254 iaciunt
613 2193 671 2253 huc
690 2212 733 2274 ea,
752 2193 860 2272 quihus
878 2197 1132 2256 enumerationem
1146 2194 1277 2255 siderum
1293 2194 1466 2256 australium

296 2293 361 2352 linit
384 2288 481 2353 1446
505 2287 598 2360 ‘Quae
622 2294 703 2351 notia
727 2293 841 2370 antiqui
861 2292 1000 2353 dixerunt
1019 2293 1117 2354 sidera
1135 2288 1237 2373 vates’,
1262 2293 1371 2373 quippe
1390 2310 1466 2370 quae

259 2455 263 2464 ,
296 2389 332 2449 ad
355 2381 510 2471 hratum4)
535 2395 585 2449 aut
606 2382 752 2472 portasi),
775 2391 826 2468 qui
849 2396 917 2469 post
940 2389 1023 2451 illum
1046 2391 1176 2471 luerunt,
1198 2390 1336 2452 alludant.

384 2484 509 2546 Gravius
533 2484 602 2546 lihri
626 2486 749 2547 secundi
773 2487 926 2548 exordium
950 2506 1016 2548 esse
1039 2489 1165 2550 videtur.
1206 2488 1250 2549 lbi
1274 2490 1353 2548 euim
1374 2487 1467 2547 Mani-

295 2582 354 2644 lius
378 2585 442 2663 ipse
466 2601 533 2644 cum
557 2583 623 2644 aliis
646 2586 742 2663 poetis
765 2592 827 2644 tum
852 2587 905 2664 eis,
929 2587 981 2663 qui
1004 2586 1102 2646 sidera
1125 2586 1223 2666 aliquo
1247 2585 1334 2646 modo
1354 2584 1467 2644 descri-

296 2680 371 2741 bunt
394 2687 424 2741 et
447 2698 549 2741 eorum
574 2681 684 2760 figuras
707 2680 814 2742 tabulis
838 2681 994 2764 explicant,
1017 2667 1049 2744 se
1074 2685 1197 2764 opponit
1219 2665 1267 2744 his
1291 2681 1439 2743 versibus:

345 2791 433 2858 1125
456 2795 611 2857 hstrorum
634 2796 753 2876 quidam
777 2798 872 2857 varias
895 2797 996 2858 dixere
1020 2799 1138 2881 figuras

456 2894 604 2973 Signaque
628 2894 735 2954 diffuso
759 2897 870 2972 passim
894 2894 1020 2957 labentia
1044 2896 1126 2957 caelo

454 2991 488 3052 ln
512 2993 666 3071 proprium
690 2994 834 3071 cuiusque
858 3010 951 3071 genus
975 3011 1138 3073 causasque
1160 2993 1269 3056 tulere:

455 3088 540 3149 Persi
563 3095 593 3149 et
615 3089 818 3150 Andromedae
841 3109 952 3169 poenas
976 3098 1158 3170 matremque
1183 3091 1331 3152 dolentem
1411 3119 1413 3122 ·

456 3186 684 3266 Solventemquc
708 3194 832 3269 patrem,
855 3194 1027 3266 raptamque
1051 3187 1185 3268 Lycaone
1208 3196 1306 3250 natam

390 3274 442 3346 30'
457 3283 621 3362 Officioque
644 3283 721 3344 lovis
745 3284 935 3367 Cynosuram,
958 3285 1033 3346 lacte
1057 3285 1204 3366 Capellam
1247 3329 1250 3338 ·

296 3415 510 3426 -—-—-—-

296 3493 398 3546 sonant
421 3489 455 3544 ef.
476 3489 566 3544 serm.
585 3509 610 3544 v.
630 3496 678 3558 ra;
701 3490 797 3546 auen.
818 3496 882 3558 1363
906 3491 952 3544 Aa.
971 3510 996 3544 v.
1016 3497 1063 3558 423
1085 3491 1132 3545 Aa.
1152 3492 1237 3546 aanor.
1256 3511 1284 3562 p.
1304 3496 1365 3560 aro,
1383 3498 1408 3546 r.
1433 3523 1467 3532 -
1585 3459 1586 3462 ‘

295 3570 337 3625 De
357 3570 497 3625 sententia
516 3570 703 3625 astronomica
721 3571 761 3623 eis
780 3571 921 3624 communi
938 3570 1013 3624 infra
1031 3571 1124 3625 dicam
1141 3590 1169 3640 p.
1185 3577 1226 3625 35.

386 3652 411 3721 1)
430 3650 575 3720 Erigones,
594 3649 724 3716 Piscium,
744 3650 950 3720 (Geminorum).

385 3732 412 3801 2)
431 3730 516 3796 Arae,
537 3728 673 3796 Coronae,
693 3729 797 3796 Oloris,
816 3730 909 3784 Tauri.
930 3761 963 3770 -
983 3730 1098 3786 Cosmae
1117 3731 1281 3786 collectione
1298 3732 1369 3786 haec
1388 3729 1468 3784 diffe-

296 3809 388 3864 rentia
405 3826 462 3864 non
480 3809 616 3862 minuitur
634 3809 668 3863 cf.
683 3828 711 3878 p.
727 3816 760 3864 47
771 3828 811 3878 sq.

386 3892 413 3960 3)
433 3889 573 3943 Omittnnt
586 3887 706 3956 fabulas,
725 3905 797 3959 qnae
812 3892 877 3944 sunt
891 3891 926 3944 de
940 3889 1011 3944 Ursa
1025 3890 1140 3956 minore,
1158 3889 1263 3958 Aquila
1276 3889 1468 3957 Piscibusque,
1583 3857 1584 3870 .

297 3972 326 4024 et
345 3968 524 4023 Geminorum
546 3970 814 4039 interpretationem.
851 3969 925 4024 Nam
948 3970 1082 4042 Erigones
1105 3969 1204 4024 fabula
1226 3970 1256 4023 in
1279 3969 1393 4024 scholiis
1416 3969 1469 4023 nli-

298 4049 410 4118 qnando
429 4048 545 4141 exstitit.
578 4048 617 4103 At
634 4049 799 4104 Erichthoni
817 4067 918 4106 nomen
937 4066 974 4103 an
993 4050 1118 4104 emultis
1133 4066 1199 4103 casu
1213 4049 1350 4104 exciderit
1365 4053 1466 4121 (v.·161

282 4130 554 4282 1p·368l)n3eltlllqu.
581 4209 616 4263 de
634 4208 754 4264 Homero
773 4225 807 4264 ea
826 4209 961 4277 conferas,
981 4226 1053 4279 quae
1072 4209 1153 4266 Arati
1171 4208 1323 4265 scholiasta
1342 4207 1412 4262 dicit
1430 4209 1469 4262 ad

295 4306 320 4342 γ’
336 4293 573 4438 322dl'Spll4slerae
592 4386 616 4421 v.
632 4373 665 4422 47
676 4385 716 4437 sq.
745 4369 876 4424 Eudoxus
895 4386 1006 4440 quoque
1024 4373 1053 4424 et
1066 4369 1233 4425 Posidonius
1250 4370 1343 4424 sidera
1357 4371 1469 4438 septen-

297 4447 430 4503 trionalio
448 4448 484 4503 ab
500 4448 669 4512 annualibus
684 4449 862 4521 distinguunt
880 4449 1079 4521 cf.Hipp.12,
1097 4457 1130 4504 17
1150 4452 1178 4505 et
1196 4449 1303 4505 Gemin.
1318 4449 1357 4504 111
1371 4454 1468 4504 8-13.
