3194 5208
392 1230 421 1313 I.
449 1231 501 1313 De
530 1229 671 1314 Manili
697 1229 849 1313 fabulis
879 1230 1057 1314 sidereis,

541 1411 579 1477 A.
602 1412 648 1477 De
672 1410 793 1478 fabulis
816 1411 907 1498 ipsis.

227 1575 328 1636 Manili
350 1577 538 1654 potissimum
562 1573 669 1635 fabulis
693 1594 760 1635 cum
784 1576 971 1635 manifestum
996 1577 1055 1656 liat,
1079 1594 1167 1654 quarn
1190 1594 1312 1654 operam

138 1677 171 1734 in
190 1675 403 1734 catasterismis
422 1671 595 1750 colligendis
615 1672 694 1732 docti
712 1672 903 1733 Alexandrini
921 1675 1086 1754 posuerim,
1110 1673 1239 1734 conabor
1257 1673 1312 1734 hac

139 1775 170 1832 in
194 1772 401 1831 dissertatione
425 1772 611 1830 narrationes
635 1770 775 1851 sidereas,
799 1789 873 1850 quae
897 1772 929 1829 in
952 1769 1032 1831 illius
1056 1773 1188 1831 carmine
1208 1789 1310 1832 occur-

139 1878 219 1950 runt,
242 1886 403 1946 congerere
422 1877 452 1928 et
471 1867 628 1945 diligenter
646 1869 829 1946 perquirere.
866 1867 927 1928 Hac
947 1870 978 1927 in
996 1886 1030 1928 re
1048 1868 1210 1949 tractanda,
1234 1869 1312 1946 quod

140 1967 189 2027 hie
212 1973 299 2045 poeta
323 1965 435 2026 fabulas
459 1965 616 2025 distractas
640 1973 669 2024 et
692 1983 746 2044 per
770 1967 901 2043 quinque
925 1964 1018 2026 libros
1042 1968 1106 2026 siue
1130 1964 1189 2026 ullo
1209 1966 1313 2026 ordine

140 2064 290 2144 dispersas
318 2066 411 2142 magis
440 2064 587 2141 siguificat
614 2081 701 2141 saepe
731 2062 953 2124 obscurissimis
980 2063 1079 2123 verbis
1108 2082 1195 2142 quam
1226 2063 1314 2144 plena

141 2168 171 2221 et
194 2168 329 2222 accurata
353 2163 523 2220 narratione
546 2162 753 2240 persequitur,
782 2163 912 2240 primum
939 2162 1175 2240 uniuscuiusque
1198 2160 1313 2222 fabulae

140 2265 346 2338 argumentum
366 2277 381 2317 e
400 2258 541 2318 membris
561 2258 712 2336 dissipatis
732 2260 925 2318 restituemus
944 2266 974 2319 et
992 2259 1163 2320 vocabimus
1179 2262 1210 2320 in
1225 2260 1314 2320 talem

141 2359 354 2436 quaestionem,
378 2355 458 2434 quali
480 2355 688 2435 perspiciatur,
714 2354 823 2433 quihus
846 2355 1068 2435 mythographis
1092 2356 1194 2418 aliisve
1219 2360 1313 2437 scrip-

140 2453 256 2514 toribus
279 2453 413 2532 singulae
432 2452 512 2513 illius
531 2455 716 2513 narrationes
736 2462 909 2534 congruant,
932 2453 1038 2514 deinde
1057 2473 1127 2514 vero
1147 2458 1314 2533 generatim

141 2552 177 2611 de
201 2570 303 2612 earum
326 2550 457 2611 lontibus
482 2550 709 2630 disputabimus.

229 2727 350 2791 Initium
369 2728 531 2808 quaerendi
551 2731 696 2790 sumimus
712 2728 748 2788 ah
764 2731 808 2789 eis
822 2731 1044 2810 catasterismiS,
1063 2732 1115 2808 qui
1129 2732 1170 2791 ita
1183 2729 1315 2792 breviter

142 2835 423 2908 commemorantur,
451 2835 485 2887 ut
512 2829 634 2888 testium
662 2827 787 2887 aliorum
815 2827 934 2887 demum
964 2827 1073 2888 auxilio
1102 2831 1174 2888 satis
1198 2832 1315 2907 possint

79 2937 84 2949 ’
141 2925 281 3003 intellegi.
328 2925 398 2985 Sine
425 2927 544 3003 negotio
572 2927 647 2985 liunt
674 2925 853 2985 lineamenta
875 2923 1055 3005 fabularum,
1084 2943 1158 3003 quae
1183 2935 1252 2985 sunt
1276 2926 1312 2986 de

142 3022 265 3103 Cancro,
288 3021 378 3104 Nepa,
397 3022 505 3103 Leone,
523 3022 597 3082 Ursa
617 3025 740 3083 minore.
782 3021 857 3082 Nam
876 3022 953 3100 apud
973 3016 1108 3104 omnes¹)
1133 3016 1226 3106 unol)
1251 3023 1313 3084 solo

142 3127 266 3200 excepto
290 3123 450 3199 scriptores
474 3120 583 3198 legitur

232 3213 410 3278 ‘Candauia
434 3220 513 3290 inter
537 3221 621 3296 signa
639 3217 813 3278 collocatum
834 3236 910 3298 esse,
933 3218 1011 3296 quod
1030 3217 1167 3278 Herculis
1186 3218 1315 3298 Hydram

187 3318 321 3376 necandis
344 3316 450 3394 pedem
473 3311 704 3397 momordisset',

144 3411 174 3464 et

232 3496 411 3586 εΝΕΡΑΜῧ),
439 3520 507 3563 cum
535 3502 665 3564 alliena
694 3505 785 3563 missa
808 3501 961 3583 Orionem,
990 3505 1042 3580 qui
1070 3502 1155 3563 deam
1178 3502 1315 3585 laeserat,

188 3601 250 3659 ictu
273 3601 481 3681 interfecisset,
505 3601 541 3660 ad
565 3599 679 3661 caelum
703 3600 825 3660 relatam
849 3595 927 3659 esse'

142 3703 265 3757 narrant
286 3705 391 3777 poetae
415 3700 614 3759 astronomici.

233 3887 259 3956 1)
278 3885 374 3940 Manil.
391 3886 465 3940 1133
486 3888 590 3942 ‘morsu
605 3887 700 3958 [triana
715 3887 808 3957 script.
824 3889 877 3959 gr]
893 3887 1029 3942 Cancrum
1044 3887 1113 3958 (scil.
1129 3888 1159 3941 in
1174 3888 1251 3943 caelo
1266 3906 1316 3958 po·

143 3964 259 4035 situml'.
294 3983 448 4035 cognomen
469 3967 606 4022 ‘litoreus'
626 3967 665 4020 HI
679 3973 730 4020 316
749 3967 877 4022 fabulam
895 3986 950 4022 non
968 3968 1092 4038 attingit.
1113 4001 1147 4009 -
1166 3971 1229 4022 test.
1244 3968 1315 4022 fab:

143 4046 234 4100 Germ.
254 4045 364 4118 643J4a3
397 4045 502 4101 Colum.
522 4047 547 4099 X
566 4053 631 4114 3133
659 4047 755 4101 Avien.
777 4053 826 4101 381
843 4065 916 4117 sqq.;
944 4048 991 4101 Ar.
1011 4048 1097 4102 schol.
1117 4067 1141 4102 v.
1162 4053 1226 4114 14⁷³
1256 4048 1314 4102 aas.

32 4136 41 4158 ¹
142 4144 170 4194 p.
186 4131 251 4192 2043
265 4126 296 4178 B.
311 4124 341 4178 P.
356 4143 383 4194 p.
400 4131 441 4192 70,
457 4131 557 4194 6-113
575 4127 648 4196 Hyg.
663 4127 689 4178 Π
703 4133 751 4194 23;
768 4126 935 4180 Ps-Dosith.
950 4127 989 4180 ΠΙ
1003 4133 1063 4195 292,
1078 4135 1108 4195 2;
1127 4127 1235 4197 Ampel.
1250 4128 1276 4179 Π
1290 4134 1315 4181 ὅ.

144 4208 286 4259 auctorem
304 4205 420 4260 fabulae
433 4207 575 4275 Panyasin
592 4207 632 4277 (in
646 4207 784 4261 Heraclea
797 4207 830 4261 fr.
846 4207 917 4277 3K.)
936 4223 997 4261 ease
1011 4207 1109 4262 dicunt
1124 4207 1181 4263 Cat.
1198 4210 1226 4262 et
1239 4207 1269 4260 B.
1285 4208 1315 4260 P.

233 4288 260 4355 2)
279 4285 367 4353 Myth.
387 4285 451 4340 Vae.
470 4286 509 4339 HI
528 4292 570 4354 15,
590 4292 606 4338 4
626 4319 659 4327 -
678 4303 825 4356 perperam
844 4287 983 4356 excerpsit
1000 4287 1217 4341 Pa-Dositheus.

233 4368 259 4435 3)
278 4366 375 4419 Manil.
394 4366 420 4417 Π
439 4372 472 4418 32
484 4384 523 4434 sq.
550 4367 620 4420 ‘ictu
637 4366 747 4435 Nepam
767 4367 836 4438 (scil.
856 4367 1004 4421 adsidere
1024 4367 1169 4436 ductaml'.
1195 4399 1226 4405 —
1252 4369 1315 4421 test.

143 4445 213 4500 fab.:
229 4445 274 4498 Ar.
291 4451 342 4498 636
351 4463 424 4515 sqq.;
439 4446 557 4500 Nicand.
573 4445 653 4500 Ther.
670 4453 785 4516 13sqq.;
801 4447 891 4501 Germ.
907 4453 1040 4515 644sqq.;
1054 4446 1150 4500 Avien.
1167 4451 1316 4516 1171sqq.;

1088 4541 1101 4587 1
