3194 5208
686 1282 846 1366 labella
875 1285 1086 1387 Siglornm.

380 1433 549 1502 Conspectus
568 1433 724 1488 editionum
743 1435 951 1489 commentariis
969 1437 1014 1489 vel
1034 1437 1266 1491 adnotationibus
1285 1439 1390 1493 criticis

299 1664 386 1718 ilcal.²

300 1823 387 1879 Scal.⁸

779 1523 988 1580 instructarum.

509 1666 546 1718 M.
561 1664 662 1719 Manili
680 1666 885 1721 astronomicon
902 1667 1049 1744 alosepho
1065 1667 1207 1740 Scaligero
1225 1712 1265 1723 ...
1280 1672 1473 1740 repurgatum.

618 1745 752 1800 Eiusdem
769 1746 861 1801 Notae
968 1747 1096 1818 Lugdun.
1116 1747 1178 1802 Bat.
1199 1753 1276 1802 1600.

510 1825 547 1880 M.
566 1825 667 1879 Manili
686 1828 892 1882 astronomicon
916 1827 1068 1896 ansepho
1088 1827 1231 1898 Scaligero
1340 1829 1474 1883 Eiusdem

618 1905 709 1960 Notae
725 1950 766 1961 ...
791 1924 806 1961 e
825 1907 921 1962 codice
941 1905 1084 1976 Scaligeri,
1104 1923 1187 1974 quem
1202 1924 1253 1962 sna
1267 1925 1353 1962 manu
1367 1909 1404 1962 ad
1417 1910 1474 1962 ter-

619 1985 689 2040 tiam
709 1986 865 2041 editionum
882 1989 1101 2056 praeparaverat
1116 2031 1121 2042 .
1134 2031 1157 2042 ..
1172 1987 1202 2041 in
1220 1987 1312 2042 lucem
1329 1988 1473 2058 publicam

617 2066 765 2121 restitutae
784 2069 835 2128 etc,
872 2067 1055 2137 Argentorati
1074 2071 1152 2122 1655.
1571 2107 1572 2140 ss

566 2145 725 2200 Editionem
751 2147 903 2200 secundam
927 2147 1092 2216 plerumque
1117 2147 1216 2214 laudo,
1242 2165 1306 2202 cnm
1330 2148 1368 2201 ad
1391 2165 1473 2202 usum
1571 2157 1572 2220 J

618 2225 715 2280 utilior
730 2228 767 2281 sit
782 2228 810 2279 ct
824 2243 841 2280 a
854 2227 996 2296 plerisque
1011 2225 1180 2288 adhibeatur
1199 2227 1243 2296 (cf.
1266 2227 1296 2280 εΙ.
1311 2227 1331 2282 Ι,
1347 2226 1474 2297 Scaliger

618 2323 672 2360 von
692 2306 716 2359 J.
736 2306 860 2376 Bernays
878 2325 904 2376 p.
925 2307 1066 2376 280sq.’);
1094 2307 1208 2361 tertiam
1235 2306 1270 2360 iis
1299 2306 1367 2361 locis
1396 2307 1472 2374 solis,
1571 2371 1572 2376 ἵ

619 2386 721 2454 quibus
741 2385 776 2440 ab
795 2386 885 2441 altera
904 2385 1031 2440 discedit.

511 2465 548 2520 M.
563 2466 664 2520 Manili
678 2466 883 2520 astronomicon
897 2482 931 2520 ex
941 2466 1103 2520 recensione
1114 2468 1142 2520 et
1152 2483 1214 2519 cum
1224 2467 1299 2520 notis
1309 2467 1341 2520 B.
1352 2466 1471 2522 Bentlei.
1571 2539 1572 2542 Ἴ

618 2547 734 2600 London
753 2551 831 2600 1739.
1301 2614 1302 2618 ¹

511 2626 548 2679 Μ.
563 2626 664 2680 Manili
677 2627 892 2681 Astronomicon
906 2625 972 2679 libri
986 2626 1012 2679 V
1029 2641 1084 2680 rec.
1099 2626 1142 2678 Fr.
1158 2624 1253 2678 Jacob.
1283 2625 1378 2678 Berlin
1393 2631 1471 2679 1846.

511 2705 547 2759 M.
563 2706 663 2759 Manili
681 2706 730 2774 qui
748 2707 836 2760 fertur
854 2705 1067 2760 Astronomicon
1084 2704 1152 2758 libri
1167 2703 1193 2756 V
1211 2704 1302 2758 edidit
1319 2704 1467 2758 Malwinus

618 2785 737 2838 Bechert
755 2785 795 2855 (in
813 2785 906 2838 fascic.
922 2786 961 2838 ΠΙ
980 2784 1102 2854 corporis
1121 2786 1195 2853 poet.
1213 2783 1262 2838 lat.
1278 2784 1320 2838 ed.
1336 2783 1471 2854 Postgate

618 2865 733 2918 London
744 2867 832 2934 ,1900)
851 2868 880 2920 et
901 2864 979 2919 brevi
1001 2865 1155 2919 lectionum
1173 2863 1309 2918 varietate
1327 2863 1467 2918 instruxit.

565 2945 610 2998 Ab
628 2945 681 2998 hoc
700 2945 807 2999 editore
826 2945 955 2998 codicum
973 2944 1047 3015 sigla
1064 2945 1209 2999 mutuatus
1229 2962 1297 2997 sum.

566 3024 653 3094 Saepe
673 3025 770 3079 citavi:

511 3105 543 3157 R.
563 3104 633 3157 Ellis
654 3103 767 3159 ‘Noctes
785 3103 958 3158 Manilianas
977 3103 1035 3155 sive
1052 3102 1271 3157 Dissertationes
1290 3103 1320 3156 in
1338 3103 1472 3157 Astrono-

617 3183 691 3238 mica
708 3183 839 3237 Manilii'.
877 3181 978 3236 Oxonii
997 3187 1074 3235 1891.

511 3432 592 3486 Arati
610 3431 806 3485 Phaenomena
823 3447 878 3485 rec.
898 3429 928 3484 Ε.
948 3430 1050 3484 Maass.
1087 3429 1183 3484 Berlin
1203 3434 1280 3483 1893.

513 3511 653 3566 Ciceronis
671 3510 777 3565 Aratea
795 3510 838 3564 ed.
858 3510 888 3563 Ε.
908 3511 1050 3564 Baehrens
1068 3529 1095 3579 p.
1115 3509 1133 3563 l.
1153 3527 1188 3562 m.
1208 3509 1221 3562 Ι
1238 3528 1266 3578 p.
1283 3514 1377 3561 1—28.

515 3591 674 3646 Germanici
689 3589 815 3645 Caesaris
830 3591 934 3646 Aratea
947 3591 1050 3645 iterum
1064 3590 1155 3644 edidit
1168 3589 1200 3642 A.
1216 3589 1340 3657 Breysig.
1360 3588 1472 3658 Lipsiae

621 3676 698 3725 1899.

363 3887 369 3899 “
396 3928 402 3940 .
511 3885 636 3939 Achilles
656 3884 703 3954 (ad
722 3884 849 3953 Aratum)
873 3884 916 3936 ed.
935 3883 966 3936 Ε.
985 3884 1079 3938 Maass
1101 3881 1141 3952 (in
1160 3880 1313 3936 Commeat.
1333 3880 1368 3934 cf.
1387 3879 1471 3948 infra)

513 3969 716 4114 ampelidis
733 3969 904 4097 Almonem
922 4060 976 4097 100.
996 4043 1027 4096 n.
1046 4041 1203 4096 Woerffcn.
1242 4039 1354 4109 Lipsiae
1373 4043 1449 4092 1853.

375 4090 381 4101 ⁶
447 4170 452 4180 .
515 4125 622 4179 scholia
640 4124 744 4178 Aratea
763 4125 806 4178 ed.
825 4123 856 4177 B.
875 4123 969 4177 Maass
988 4123 1029 4193 (in
1048 4121 1199 4176 comment.
1220 4120 1254 4175 cf.
1274 4119 1358 4188 infra)
1377 4137 1403 4189 p.
1422 4123 1472 4172 334

514 4210 812 4339 scholia-Bbbslleensia
831 4284 873 4338 ed.
892 4283 925 4337 A.
945 4282 1070 4353 Breysig.
1107 4282 1203 4336 Berlin
1222 4284 1299 4334 1867.

516 4363 709 4420 Catasterismi
730 4362 1058 4433 pseudo-Eratosthenici
1076 4363 1119 4416 ed.
1138 4362 1232 4416 Maass
1253 4360 1293 4429 (in
1311 4358 1473 4426 Comment.)

621 4463 648 4518 p.
665 4449 813 4500 rar-arr.
