3194 5208
818 1055 934 1138 Vite.

378 1242 504 1304 loannes
534 1241 656 1302 Mueller
686 1248 774 1302 natus
804 1257 871 1300 sum
901 1239 1108 1302 Offenhachiae
1137 1242 1169 1302 in
1200 1241 1308 1321 oppido
1338 1241 1459 1304 Hasslae

289 1360 315 1401 a.
339 1341 366 1401 d.
391 1341 440 1400 XV
462 1340 523 1401 Kal.
547 1339 631 1400 Mart.
654 1357 679 1399 a.
702 1337 971 1420 MDGGGLXXVIII¹
990 1346 1073 1419 patre
1095 1336 1210 1419 lacoho,
1235 1347 1329 1400 matra
1352 1341 1460 1404 Ioanne

290 1457 306 1498 e
330 1447 417 1518 gente
440 1437 596 1498 Dornseiff.
637 1435 739 1498 Fidem
763 1437 905 1516 profiteor
928 1436 1134 1514 evangelicam.
1176 1435 1356 1498 Litterarum
1379 1439 1460 1499 rudi·

290 1538 398 1597 mentis
421 1535 553 1598 imbutus
576 1553 646 1596 vere
669 1553 693 1594 a.
718 1536 892 1612 octogesimi
913 1536 1032 1613 septimi
1050 1536 1202 1614 gymnasio
1221 1533 1460 1596 Offcnhachiensi

289 1635 416 1694 traditus
441 1651 515 1693 sum.
559 1632 603 1692 lhi
626 1633 747 1692 fuerunt
770 1629 933 1691 Guilelmus
956 1631 1113 1692 Buechner
1135 1649 1190 1692 nec
1213 1649 1273 1691 non
1296 1631 1460 1695 Guilelmus

289 1733 435 1811 Heraeus,
466 1733 517 1809 qui
544 1729 711 1790 litterarum
739 1729 926 1807 antiquarum
955 1747 1085 1789 amorem
1112 1728 1187 1789 mihi
1214 1731 1255 1790 lta
1282 1731 1461 1814 iniecerunt,

289 1837 323 1892 ut
350 1830 528 1890 maturitatis
556 1829 727 1888 testimonio
755 1829 919 1887 instructus
947 1845 1017 1886 vere
1045 1845 1069 1886 a.
1093 1823 1181 1888 XGVl
1210 1827 1323 1888 adirem
1354 1827 1459 1889 almam

289 1927 517 1988 Universitatcm
541 1924 765 2002 Gottingensem
794 1924 901 1984 studiis
923 1923 1081 2004 philologis
1105 1942 1226 2003 operam
1249 1925 1380 1986 daturus.
1426 1927 1460 1986 ln

290 2043 365 2104 quae
389 2023 544 2102 Gottingae
571 2041 626 2102 per
649 2022 707 2083 duo
732 2023 920 2102 semenstria‚
949 2019 1081 2083 Berolini
1104 2021 1230 2082 alterum
1252 2039 1358 2106 unum,
1385 2022 1460 2084 Mar·

290 2124 378 2201 purgi
397 2128 536 2200 quattuor
554 2119 686 2181 incubui.
727 2121 875 2180 Autumno
894 2137 919 2180 a.
938 2115 1029 2179 XCIX
1046 2126 1234 2200 praematura
1251 2122 1345 2198 petris
1363 2129 1460 2182 morte

290 2226 409 2278 coactus
433 2216 652 2278 Offenhachiam
676 2219 809 2300 migravi,
832 2216 910 2276 unde
934 2234 1036 2277 mense
1059 2217 1191 2295 Augusto
1213 2220 1368 2296 praeteriti
1391 2222 1461 2280 anni

287 2311 347 2376 huc
371 2316 455 2376 redii.

377 2412 522 2492 Philologi
543 2415 753 2493 proseminarii
772 2411 927 2491 Gottingae
946 2411 1045 2473 Leone
1064 2419 1094 2473 et
1112 2411 1337 2474 Wilamowitzio
1354 2433 1460 2494 regen·
1577 2457 1578 2464 κ

288 2511 369 2572 tihus
404 2510 514 2572 sodalis
548 2511 591 2572 iul
624 2528 678 2589 per
710 2509 757 2570 his
790 2529 841 2570 sex
871 2527 1004 2590 menses,
1038 2509 1189 2590 Marpurgi
1218 2509 1311 2572 Birtio
1344 2521 1460 2574 rectore
1577 2507 1578 2575 l

289 2609 398 2669 alteros
422 2626 482 2669 aex.
528 2607 649 2670 Factum
678 2616 724 2668 est
746 2607 833 2668 Birtii
860 2615 889 2668 et
912 2607 1031 2668 Maassii
1058 2607 1276 2690 benevolentia,
1304 2617 1337 2672 ut
1359 2613 1391 2672 in
1414 2629 1460 2672 se·

288 2708 447 2766 minacium
477 2705 695 2785 philologorum
722 2705 979 2784 Marpurgensium
1008 2708 1172 2786 reciperer,
1202 2709 1288 2767 cuius
1318 2726 1372 2787 per
1400 2708 1460 2768 duo

289 2805 466 2864 semenstria
494 2803 602 2868 sodalis
630 2803 686 2883 tm,
716 2820 770 2882 per
797 2821 889 2864 unum
918 2805 1026 2862 senior.
1070 2802 1341 2882 Exercitationlbus
1364 2823 1460 2883 gram·

288 2903 406 2962 maticis
429 2919 476 2961 me
499 2900 627 2980 henigne
647 2900 831 2962 admiserunt
850 2898 881 2960 G.
900 2899 1043 2980 Wentzel,
1065 2897 1139 2981 unt,
1161 2901 1271 2964 'lhiele
1310 2901 1459 2963 Historiae

289 2999 448 3058 seminario
471 2996 555 3061 Nisio
583 3005 699 3057 rectore
726 3016 781 3077 per
804 3016 857 3058 sex
880 3015 999 3058 menses
1022 2999 1154 3058 interlui.
1200 2997 1369 3060 Germanioi
1392 3018 1459 3079 pro-

289 3097 442 3156 seminarii
465 3093 680 3174 Gottingensis,
711 3095 788 3174 quod
812 3094 925 3155 Roethe
954 3102 984 3156 et
1005 3094 1106 3174 Heyne
1134 3095 1377 3179 moderabantur,
1406 3116 1461 3177 per

287 3191 335 3252 his
367 3211 418 3252 sen
451 3209 570 3253 menses
603 3191 711 3252 sodalis
744 3193 800 3272 lui,
835 3210 890 3271 per
926 3211 1018 3253 unum
1055 3195 1208 3254 seminarii
1238 3193 1460 3273 Marpurgensis

180 3377 184 3386 Ι
289 3289 473 3350 Schroedero
497 3296 627 3367 regente.

377 3386 549 3450 Docuerunt
576 3406 625 3448 me
656 3390 712 3449 viri
742 3388 908 3448 doctissimi
937 3385 1093 3466 Gottingae
1123 3385 1239 3467 Dilthey
1267 3387 1369 3468 Heyne
1399 3389 1459 3450 Leo

287 3484 400 3545 Roethe
419 3485 456 3544 de
470 3483 665 3546 Wilamowitz
683 3484 826 3565 Wentzel,
844 3485 975 3546 Berolini
994 3485 1074 3546 Diels
1092 3485 1259 3546 Herrmann
1279 3485 1310 3546 E.
1326 3487 1460 3548 Schmidt
1574 3549 1575 3562 ,

289 3581 398 3642 Vahlen
420 3581 456 3641 de
475 3580 669 3642 Wilamowitz
692 3582 809 3642 Winter
833 3576 927 3665 (nunc
945 3575 1200 3666 colummanus),
1223 3583 1373 3664 Marpurgi
1395 3582 1461 3644 Birt
1574 3645 1575 3648 ,

287 3677 415 3738 lloester
430 3672 524 3762 (nune
537 3671 718 3762 Lipsiensis)
737 3678 930 3740 llretschmer
945 3675 1039 3764 (nunc
1053 3675 1304 3762 vindobonensis)
1322 3681 1459 3742 liuehne-
1574 3723 1575 3738 i

288 3794 378 3837 mann
401 3774 496 3835 Maass
520 3774 631 3856 Natorp
654 3775 742 3837 Niesc
766 3776 933 3838 Schroeder
956 3777 1067 3839 Thiele.

377 3871 490 3944 Quibus
521 3872 658 3934 omnibus
689 3875 761 3933 viris
788 3876 898 3952 gratias
926 3893 979 3953 ago
1008 3893 1097 3954 quam
1123 3877 1281 3956 maximas,
1311 3878 1459 3956 imprimis

289 3989 359 4031 vero
382 3970 509 4031 Ernesto
532 3968 640 4050 Maass,
671 3989 729 4049 quo
760 3977 791 4032 et
820 3977 940 4032 auctore
971 3979 1001 4032 et
1031 3973 1166 4033 adiutore
1196 3973 1306 4034 iactum
1336 3979 1395 4053 est,
1426 3982 1461 4034 ut
1573 3985 1574 4016 i

288 4068 405 4148 studiis,
429 4086 445 4128 e
469 4065 578 4146 quihus
601 4067 650 4128 hic
673 4067 791 4128 libellus
815 4075 897 4129 ortus
921 4077 979 4149 est,
1003 4073 1123 4148 operam
1145 4087 1376 4152 navarem‚‚nec
1399 4088 1460 4131 non

288 4164 414 4248 Georgio
438 4163 626 4247 Thiele,‚qui
648 4164 697 4226 illa
720 4165 998 4228 benevolentissime
1022 4165 1146 4228 fovebat.

767 4359 980 4370 —a———au--aq
