3194 5208
768 341 964 404 ..4-

281 507 399 565 veritati
432 507 497 565 eius
529 504 681 564 conlidens
713 510 795 563 certo
828 501 952 562 consilio
985 500 1127 562 exhibuit.
1176 501 1251 562 ltem
1283 495 1365 585 alii¹)
1398 502 1455 562 hoo

282 601 425 682 populare
445 601 643 680 veriloquium
662 619 694 662 se
716 602 888 679 cognovisse
908 598 1097 660 subindicant
1116 597 1240 659 Suculas
1258 601 1456 681 interpretati,

283 699 335 760 sed
354 718 442 760 nemo
462 701 607 778 originem
626 700 757 758 nominis
776 700 816 757 ita
835 697 1048 758 demonstravit
1061 704 1095 757 ut
1107 696 1245 758 Manilius
1259 697 1343 758 hisce
1356 697 1457 758 verbis

373 796 397 856 V
414 794 477 858 125
499 791 733 875 immundosque
757 813 863 874 greges
886 796 997 872 agitant
1015 788 1093 877 (soil.
1112 788 1243 878 Hyades)
1262 812 1318 873 per
1338 794 1457 856 sordida

585 913 655 954 rura

493 991 532 1052 Et
554 992 645 1053 lidum
669 990 840 1051 Laertiadae
864 1008 994 1069 genuere
1018 990 1150 1069 syboten.

281 1099 344 1170 Qua
373 1117 405 1160 16
433 1097 618 1176 intellegitur
643 1098 722 1158 hunc
751 1104 868 1176 poetam
896 1096 997 1158 doctas
1021 1099 1206 1159 narrationes
1229 1097 1455 1177 mythologicas-

282 1215 339 1276 que
368 1195 580 1276 explicationes
608 1195 875 1256 Alexandrinorum
902 1212 961 1254 non
989 1213 1108 1274 semper
1135 1202 1271 1256 secutum
1294 1214 1375 1276 esse,
1403 1195 1455 1256 sed

280 1295 330 1354 hic
353 1293 414 1354 illic
439 1293 604 1373 simplicem
627 1292 730 1372 populi
752 1295 1029 1372 interpretationem
1052 1292 1238 1372 praetulisse.

370 1391 431 1452 lam
447 1391 482 1451 ad
499 1391 613 1452 fabulas
629 1397 780 1452 enarratas
794 1396 1009 1468 exornatasque
1024 1392 1185 1452 veniamus.
1212 1391 1456 1452 ANDROMEDAE

281 1501 431 1562 Eiusque
454 1501 623 1548 summme}
652 1487 779 1548 fabulam
802 1487 953 1569 ManiliuS,
981 1490 1033 1566 qui
1060 1489 1301 1568 mythographioa
1330 1507 1362 1548 se
1386 1507 1455 1549 con-

280 1593 414 1647 temnere
438 1587 547 1647 latetur
567 1580 621 1669 (111
640 1579 751 1668 3666.)
776 1593 806 1646 61
829 1585 864 1645 de
889 1602 942 1646 suo
967 1603 1056 1665 opere
1076 1583 1189 1646 ‘ornari
1208 1604 1257 1646 res
1275 1588 1341 1665 ipsa
1358 1594 1455 1669 negat,

281 1691 420 1744 contenta
451 1681 563 1744 doceri'
595 1684 668 1744 dicit
698 1676 845 1766 (11139),
874 1690 956 1744 tanto
986 1683 1084 1744 studio
1115 1691 1202 1762 atque
1233 1683 1334 1763 lepore
1362 1685 1456 1745 refert

280 1775 404 1864 (V.538
417 1776 512 1865 sqq),
540 1790 573 1842 ut
599 1783 684 1861 quasi
706 1783 805 1842 nitens
828 1783 1180 1859 margaritaccarmine
1204 1781 1350 1860 eli'ulgeat.
1397 1781 1454 1842 Sed

283 1896 349 1938 oum
380 1897 476 1958 neque
506 1881 721 1960 narrationem,
752 1880 808 1939 etsi
839 1896 938 1938 amore
969 1879 1096 1956 quodam
1126 1881 1261 1939 tractavit
1291 1886 1321 1939 et
1348 1872 1453 1962 alios²)

280 1983 384 2055 poetas
412 1983 534 2038 secutus
562 1983 684 2037 venuste
713 1977 878 2057 exornavit,
907 1994 960 2036 sua
983 1975 1113 2036 Minerva
1135 1983 1264 2038 mutaret
1286 1995 1383 2055 neque
1407 1995 1453 2036 oa-

280 2077 478 2156 lasterismos‚
502 2081 707 2153 argumentum
731 2073 846 2133 labulae
869 2071 1000 2134 breviter
1023 2092 1171 2152 exponere
1196 2076 1268 2134 satis
1290 2073 1393 2134 haheo.

417 2169 584 2252 ‘Neptunus
612 2179 645 2232 ut
668 2171 778 2250 Cephei
806 2171 947 2232 lamiliam
974 2190 1069 2250 poena
1096 2172 1240 2253 alliceret,
1271 2172 1348 2251 quod
1380 2191 1454 2234 uxor

329 2270 469 2350 Cassiope
498 2270 535 2330 ob
562 2269 813 2348 pulchritudinem
839 2269 982 2329 adversus
1005 2268 1147 2329 Nereidas
1170 2268 1294 2347 gloriata
1317 2277 1395 2351 erat,
1422 2272 1454 2330 iu

280 2398 284 2405 ·
326 2370 391 2428 eius
414 2375 526 2428 terram
549 2375 579 2427 et
602 2385 745 2445 aquarum
769 2359 953 2449 eluviones⁸)
978 2374 1007 2427 et
1025 2365 1143 2427 beluam
1161 2369 1306 2427 marinam
1323 2369 1453 2428 miserat.

326 2464 440 2525 Deinde
463 2471 615 2544 parentes,
643 2482 711 2525 cum
735 2464 870 2543 Cepheus
898 2463 988 2524 liliam
1011 2463 1227 2524 Andromedam
1252 2464 1322 2525 Ceto
1345 2483 1451 2544 propo-

326 2581 398 2624 nere
423 2561 544 2623 oraculo
569 2563 668 2622 iussus
693 2568 785 2642 esset,
812 2563 898 2621 inviti
926 2561 978 2622 sed
1005 2568 1102 2622 terrae
1126 2561 1291 2622 calamitate
1315 2565 1454 2623 commoti

327 2659 408 2720 illam
431 2660 542 2720 bestiae
566 2665 788 2720 concesserunt.
829 2658 902 2719 Eam
924 2658 1052 2720 Perseus
1076 2678 1092 2719 a
1113 2668 1194 2720 certa
1212 2666 1307 2719 morte
1327 2662 1454 2720 servavit

325 2757 413 2819 belua
438 2757 594 2818 interiecta
618 2765 647 2818 et
669 2760 701 2816 in
724 2758 946 2816 matrimonium
969 2751 1095 2840 duxitf)
1141 2756 1186 2817 Ob
1211 2755 1290 2817 illius
1313 2759 1452 2818 virtutem

371 2985 396 3050 1)
417 2981 524 3048 Cicero,
550 2980 628 3047 Tiro,
654 2982 761 3035 Plinius
781 2983 809 3035 h.
829 3001 855 3036 n.
880 2981 970 3036 XVIII
989 2987 1053 3047 247,
1080 2981 1277 3036 (16111111.Ὴῖ
1304 2981 1377 3052 (Rae.
1402 2981 1451 3036 int.

280 3079 307 3130 p.
328 3065 455 3130 211sq.),
474 3061 582 3130 Ampel.
602 3062 641 3114 ΠΙ
660 3068 687 3126 2,
707 3061 779 3132 Hyg.
799 3062 855 3115 fab.
877 3067 936 3127 192,
959 3061 1141 3116 Commentat.
1162 3061 1267 3131 Vergil.
1287 3063 1334 3131 (ad
1353 3061 1451 3132 Georg.

281 3141 369 3206 1138,
388 3141 568 3212 Aemilii),
589 3139 948 3210 calumpnosis

371 3224 397 3291 2)
416 3220 580 3289 Euripidem
599 3219 1175 3292 (116661011411111151161176626611),
1199 3238 1317 3290 quorum
1340 3222 1377 3276 ab
1400 3222 1453 3276 hoc
1565 3291 1569 3296 Ι

282 3299 415 3353 Manilius
439 3301 548 3354 vivaces
572 3299 676 3353 colores
700 3302 785 3369 atque
809 3300 895 3354 etiam
917 3301 1052 3355 nonnulla
1075 3301 1159 3356 verba
1182 3302 1295 3370 petivit,
1323 3302 1367 3356 illi
1389 3318 1452 3356 vero

283 3379 369 3432 debet
391 3380 531 3448 quaedam
549 3395 605 3433 non
623 3379 709 3445 levia,
733 3395 806 3448 quae
825 3381 862 3433 ad
881 3381 1020 3435 actionem
1039 3382 1168 3436 attinent.
1205 3380 1320 3435 Praetor
1338 3398 1385 3436 eos
1402 3399 1453 3450 pa-

283 3459 384 3513 rietum
409 3459 537 3528 picturae
563 3475 674 3528 quoque
696 3460 727 3512 in
750 3460 924 3528 expositione
946 3460 1142 3515 Andromedae
1167 3461 1352 3516 describenda
1377 3462 1453 3531 apud

283 3541 357 3592 huno
375 3542 490 3609 poetam
507 3539 627 3593 multum
645 3539 766 3594 valuisse
784 3540 921 3594 videntur.

371 3623 397 3689 3)
416 3619 429 3672 Ι
443 3625 494 3672 433
503 3638 542 3688 sq.
562 3619 588 3673 V
603 3625 652 3672 541
665 3636 723 3689 sqq.
744 3636 778 3674 ex
791 3618 835 3673 his
849 3620 974 3674 versibus
989 3621 1147 3690 colligimus
1161 3622 1191 3675 in
1204 3621 1325 3691 pristina
1339 3621 1454 3676 fabulae

283 3699 373 3752 forma
398 3698 475 3751 illius
500 3699 694 3752 inundationis
719 3699 890 3752 mentionem
912 3700 1017 3754 factam
1040 3716 1113 3767 esse,
1140 3717 1224 3770 quam
1248 3700 1453 3755 conclusionem

281 3777 404 3848 probant
428 3778 514 3832 verba
541 3778 706 3847 Apollodori
730 3779 756 3830 Π
773 3785 803 3844 4,
824 3785 888 3844 3,2
916 3781 976 3833 ‘col
998 3783 1145 3837 Ποσειδῶν
1171 3782 1270 3842 αὐταῖς
1292 3783 1453 3851 (Νηρῆισιν)

282 3859 479 3927 συνοργισθεὶς
496 3857 662 3927 πλήμμυράν
675 3878 704 3912 τε
724 3857 770 3912 ἐπὶ
788 3859 839 3928 τὴν
857 3860 950 3929 χώραν
970 3860 1076 3930 ἔπεμψε
1094 3862 1143 3915 καὶ
1162 3861 1255 3929 κῆτος’
1276 3863 1305 3914 61
1319 3860 1453 3930 Progym-

281 3937 500 3990 nasmaticorum
514 3937 559 4006 (of.
570 3938 594 3991 J.
604 3937 706 3991 Jacobs
722 3939 769 3991 ‘de
779 3939 880 3992 studiis
890 3939 1038 4009 Progymn.
1048 3939 1300 4009 mythographicis'
1311 3957 1338 4008 p.
1350 3945 1384 3994 46
1392 3943 1451 4010 sq).

280 4017 365 4086 Apud
383 4016 605 4086 mythographos
624 4020 726 4083 autem,
746 4017 795 4084 qui
814 4019 849 4072 de
867 4017 972 4072 fabulis
991 4020 1107 4074 sidereis
1122 4022 1218 4089 agunt,
1236 4035 1329 4088 pauca
1342 4022 1453 4074 tantum

280 4096 401 4166 vestigia
419 4096 479 4150 eius
497 4097 538 4150 rei
557 4099 586 4150 61
604 4097 695 4150 minus
715 4098 812 4166 aperta
830 4098 924 4152 inveni
943 4099 988 4169 (of.
1008 4099 1053 4152 Ar.
1074 4099 1159 4154 schol.
1177 4117 1202 4152 v.
1221 4104 1272 4152 179
1290 4117 1318 4168 p.
1334 4105 1393 4165 379,
1409 4105 1451 4164 21,

280 4194 305 4230 v.
321 4181 372 4230 557
391 4195 418 4245 p.
435 4181 495 4241 463,
512 4181 558 4243 17;
578 4176 636 4231 Cat.
654 4195 680 4245 p.
698 4177 780 4243 2151),
798 4182 844 4245 13,
863 4177 893 4230 B.
909 4178 938 4231 P.
953 4197 980 4247 p.
997 4184 1038 4244 77,
1055 4183 1088 4231 18
1108 4180 1154 4250 [=
1170 4178 1195 4232 S.
1211 4198 1238 4248 p.
1254 4180 1336 4250 1so]>.
1364 4179 1453 4248 Atqui

281 4259 378 4310 auctor
397 4272 492 4310 eorum
511 4256 664 4310 communis
684 4259 758 4310 certe
777 4258 887 4312 rettulit
905 4257 1054 4324 eluviones,
1073 4259 1192 4313 fortasse
1209 4258 1295 4313 etiam
1308 4258 1452 4313 oraculum

281 4335 326 4406 (of.
346 4335 438 4405 Apoll.
457 4336 475 4388 l.
496 4353 531 4403 c.;
553 4336 599 4390 Ar.
620 4337 704 4390 schol.
724 4341 829 4404 v.1'19;
849 4336 945 4390 Manil.
960 4336 986 4390 V
1001 4340 1143 4409 543-45).

369 4419 396 4492 4)
415 4416 511 4470 Manil.
531 4417 544 4470 Ι
558 4421 610 4470 354
620 4433 679 4485 sqq.
699 4416 725 4470 V
739 4421 790 4470 540
801 4434 860 4486 sqq.
877 4422 935 4472 olo.
