3194 5208
771 377 990 441 -16-

295 541 410 601 Corona
438 559 498 601 non
526 539 612 618 longe
641 539 745 599 abesse
770 547 800 599 et
822 557 880 599 una
904 557 973 600 cum
995 537 1123 616 Erigone
1147 540 1220 598 oriri
1242 537 1380 599 Manilius
1403 541 1468 617 ipse

296 639 376 699 dicat
398 632 437 722 (V
455 634 517 699 251
531 631 610 720 sqq.)
640 644 670 697 et
699 636 788 697 verba
820 633 932 697 ‘oriens
961 638 1026 714 ipsa
1055 631 1164 714 puella'
1194 636 1231 695 ad
1263 635 1467 696 antecedentia

297 732 390 796 ‘subit
408 731 548 814 Erigone’
573 729 611 817 (V
629 731 692 795 251
706 727 784 816 sqq.)
808 736 978 813 respiciant,
1002 735 1149 794 evincitur
1167 733 1325 794 Ariadnam
1344 734 1469 794 eandem

296 851 362 893 esse
386 840 474 912 atque
492 832 652 910 Virginem.
693 831 775 892 Hanc
797 833 1073 910 interpretationem
1081 823 1107 913 1)
1131 831 1249 910 sideris,
1272 833 1303 890 in
1323 849 1380 910 qua
1398 849 1469 910 poe-

295 937 342 990 tae
366 923 572 1012 Enstathius²)
596 947 687 1009 unus,
710 935 853 1008 quantum
876 931 953 1008 scio,
976 929 1155 1008 adsentitur,
1185 930 1234 989 cui
1257 927 1364 988 debeat
1386 936 1467 989 certo

296 1031 370 1088 satis
400 1029 490 1088 statui
520 1029 636 1107 nequit,
668 1028 731 1086 veri
761 1025 857 1086 simile
888 1032 934 1086 est
963 1044 1031 1086 eum
1060 1028 1170 1086 iterum
1200 1026 1309 1086 adiisse
1342 1025 1469 1087 eundem

295 1125 415 1186 iontem.

386 1221 479 1300 Igitur
502 1240 539 1281 ne
563 1222 595 1280 hi
616 1221 783 1300 peculiares
803 1221 923 1299 quidem
942 1223 1139 1282 catasterismi
1159 1239 1174 1280 e
1195 1223 1319 1281 remotis
1338 1221 1470 1282 lontibus

296 1321 427 1399 prompti
451 1326 532 1398 sunt,
556 1321 597 1379 ita
619 1327 653 1380 ut
675 1337 780 1398 magna
803 1319 853 1379 illa
876 1319 1080 1399 necessitudo,
1103 1337 1191 1397 quam
1215 1321 1294 1380 inter
1316 1319 1471 1380 Manilium

297 1425 326 1477 et
349 1417 522 1496 compendia
546 1415 742 1495 mythologice
761 1410 883 1500 snpra³)
907 1417 1109 1496 patefecimus
1133 1416 1227 1476 nihilo
1248 1419 1291 1476 eis
1309 1419 1470 1478 minuatur.

384 1514 495 1574 Novam
524 1517 740 1595 quaestionem,
767 1517 799 1574 in
827 1533 916 1593 quam
940 1513 1110 1574 vocabimus
1134 1532 1217 1574 raras
1241 1513 1369 1595 fabulas,
1397 1517 1472 1574 inci-

296 1615 412 1692 piamus
436 1631 452 1672 a
475 1611 640 1672 PISOIBUS.

431 1724 552 1788 ‘Eorum
581 1729 655 1788 facie
684 1747 715 1788 se
744 1728 977 1789 circumdedisse
1000 1728 1160 1808 Venerem,
1189 1747 1256 1788 curn
1284 1747 1300 1788 a
1328 1728 1471 1808 Typhone

340 1826 437 1904 iugata
460 1828 492 1886 in
515 1825 696 1904 Euphratem
720 1823 906 1905 insiluisset',

295 1940 434 2002 Manilius
457 1935 595 2024 reiert4),
623 1960 751 2021 quocum
774 1941 888 2002 levibus
911 1942 1087 2004 differentiis
1111 1942 1254 2003 neclectis
1281 1946 1474 2004 consentiunt

296 2032 451 2122 Ovidius⁶)
470 2038 603 2118 Hyginus
621 2039 781 2119 Ampelius.
824 2039 923 2100 Ceteri
942 2042 1104 2119 scriptores
1124 2039 1168 2099 illi
1187 2043 1281 2120 signo,
1305 2041 1383 2119 quod
1403 2059 1472 2102 cum

296 2139 407 2196 maiore
431 2135 516 2196 Pisce
540 2144 603 2197 arto
627 2138 732 2197 eodem
755 2136 872 2197 vinculo
897 2144 984 2216 atque
1009 2137 1141 2217 Hyginus
1149 2131 1175 2220 6)
1200 2140 1393 2220 coniungunt,
1421 2147 1474 2199 aut

386 2381 412 2450 1)
430 2380 500 2434 Eam
520 2380 704 2449 comprobant
723 2381 809 2434 eoas
822 2399 849 2449 p.
865 2386 917 2434 373
937 2383 966 2434 et
983 2381 1086 2447 Maesa,
1101 2380 1133 2433 A.
1149 2380 1179 2433 E.
1195 2398 1222 2448 p.
1239 2386 1273 2434 86
1292 2380 1337 2451 (of.
1354 2381 1389 2434 de
1404 2380 1473 2434 Ger-

295 2460 399 2513 manici
413 2461 556 2529 prooemio
570 2460 640 2530 IV4).

385 2544 411 2610 2)
430 2541 479 2609 qui
499 2541 671 2594 confundens
690 2541 832 2594 Ariadnae
851 2540 962 2594 fabulas
982 2544 1011 2596 et
1029 2541 1164 2610 Erigones
1182 2541 1300 2594 adnotat
1314 2541 1351 2594 ad
1366 2539 1416 2593 Od.
1432 2540 1473 2593 XI

254 2659 259 2670 .
296 2626 348 2674 324
368 2621 386 2674 ‘.
402 2664 407 2674 .
425 2664 452 2674 ..
473 2621 502 2676 ἐν
525 2630 584 2684 τοῖς
608 2621 720 2689 ἄστροις
742 2623 862 2689 τεθῆναι
885 2620 972 2688 αὐτήν
995 2641 1024 2675 τε
1048 2623 1096 2675 καὶ
1116 2621 1165 2675 τὸν
1185 2617 1310 2690 ῥηθέντα
1329 2619 1473 2688 στέφανον

295 2700 411 2754 καὶτὸν
430 2701 512 2768 adalp
531 2701 786 2755 ἀποκολουθοῠντα
804 2700 897 2754 udro'.

386 2782 412 2848 3)
430 2799 457 2849 p.
479 2785 520 2832 11.

384 2863 411 2929 4)
430 2859 455 2911 H
470 2865 511 2912 33.
531 2859 570 2913 Ν
585 2864 635 2913 tre
647 2878 707 2928 sqq.
727 2860 766 2914 IV
780 2865 832 2914 800
844 2878 883 2929 sq.
916 2861 955 2914 Ut
971 2861 1025 2915 hoc
1043 2861 1105 2915 loco
1124 2877 1218 2914 veram
1236 2863 1338 2929 poetae
1356 2876 1474 2914 manum

294 2939 450 3006 restituam,
469 2941 534 2992 utar
552 2939 606 2992 hac
625 2941 778 2994 occasione.

455 3019 583 3072 Piscibus
602 3019 760 3089 Euphrates
779 3021 861 3073 datus
881 3023 932 3087 est,
950 3020 999 3074 ubi
1018 3021 1095 3090 pisce
1114 3022 1253 3090 surrupta,

458 3098 527 3153 Cum
546 3099 657 3168 fugeret
675 3099 820 3168 Typhona,
839 3100 933 3154 Venus
953 3100 1079 3154 subsedit
1097 3101 1127 3153 in
1145 3100 1236 3153 undis.

294 3178 338 3232 Ita
362 3178 434 3232 dixit
458 3179 518 3232 sinc
537 3179 623 3233 dubio
643 3178 789 3247 Manilius,
816 3181 893 3233 cuius
912 3181 996 3234 verba
1015 3181 1095 3235 codd.
1115 3181 1191 3234 varie
1210 3182 1341 3248 corrupta
1360 3195 1474 3248 reprae-

296 3260 409 3312 sentant
436 3260 537 3328 (pisces
557 3259 626 3313 MV*
653 3260 739 3328 piscis
759 3259 829 3325 GV1,
857 3262 975 3329 nrnptor
994 3261 1087 3314 GMV’
1114 3262 1237 3330 irruptor
1254 3260 1311 3329 V1).
1348 3259 1390 3313 De
1416 3260 1474 3313 hae

295 3339 386 3392 forma
403 3339 480 3392 verbi
499 3339 681 3408 subripiendi,
701 3356 774 3408 quac
793 3341 879 3394 etiarn
898 3340 937 3393 III
956 3347 1014 3395 352.
1035 3346 1087 3395 355
1106 3342 1281 3395 restituenda
1300 3342 1351 3408 est,
1375 3341 1473 3410 dispu-

296 3420 427 3472 taverunt
444 3419 554 3472 Ritschl
573 3435 635 3489 opp.
656 3419 682 3472 ΙΙ
697 3424 738 3472 67.
758 3419 797 3473 IV
811 3425 870 3473 544.
891 3421 917 3475 V
931 3426 990 3474 300.
1010 3421 1081 3474 Ε1113
1096 3439 1122 3490 p.
1139 3426 1181 3474 90.

387 3501 413 3568 ὁ)
434 3499 512 3552 Ouid.
528 3500 592 3552 last.
607 3499 694 3552 nese
706 3517 774 3568 sqq,
790 3517 872 3568 quem
887 3500 1033 3569 exscripsit
1047 3500 1134 3568 Myth.
1150 3500 1213 3553 Vat.
1229 3500 1268 3552 111
1283 3505 1324 3565 15,
1340 3507 1356 3553 2
1371 3519 1398 3569 p.
1410 3506 1472 3554 206.

296 3611 329 3619 -
348 3579 420 3648 Hyg.
440 3579 466 3631 Π
485 3585 531 3644 30,
557 3596 590 3632 ex
609 3597 664 3648 quo
684 3580 734 3632 aut
752 3580 811 3632 eius
831 3580 984 3648 exemplari
1002 3579 1100 3633 fabula
1119 3581 1263 3633 contracta
1281 3580 1374 3646 fluxit,
1399 3596 1473 3649 quae

295 3660 325 3712 in
353 3660 450 3712 codice
478 3659 657 3729 Sangallensi
680 3665 732 3713 818
760 3658 864 3729 legitur
891 3660 937 3729 (cf¹
957 3659 1070 3726 Wieck,
1098 3659 1170 3712 Berl.
1190 3660 1258 3729 phil.
1278 3659 1376 3712 Woch.
1402 3665 1474 3712 1900

294 3757 321 3808 p.
339 3741 426 3808 1300).
446 3770 479 3778 -
499 3739 653 3807 Ampelii
673 3745 713 3792 12.
751 3738 812 3793 Η33
832 3742 897 3792 sunt
915 3755 1010 3793 eorum
1030 3738 1217 3793 differentiae:
1241 3739 1363 3808 primum
1381 3738 1473 3792 Mani-

294 3819 350 3870 lius
369 3820 398 3871 et
416 3818 560 3886 Ampelius
580 3818 706 3872 fabulam
724 3821 840 3872 narrant
854 3820 889 3872 de
903 3819 1011 3874 Venere
1026 3819 1094 3886 sola,
1114 3819 1164 3872 alii
1179 3819 1213 3873 (13
1228 3820 1305 3872 caet
1320 3818 1473 3888 Cupidine;

296 3898 398 3952 deinde
416 3897 549 3952 Manilius
569 3899 714 3968 Ampelius
733 3899 918 3968 Hyginusque
942 3901 1024 3953 deam
1047 3899 1077 3951 in
1100 3899 1206 3968 piscem
1230 3915 1259 3952 se
1282 3899 1406 3951 mutasse
1430 3898 1473 3950 di-

296 3980 374 4042 cunt,
400 3976 515 4030 Ovidius
538 3994 601 4032 eam
624 3979 749 4048 piscibus
768 3982 907 4033 servatam
926 3995 986 4033 esse
1006 3979 1100 4050 (aliter
1117 3980 1183 4032 met.
1203 3977 1323 4047 V331)3
1350 3977 1473 4045 denique

295 4058 339 4111 1111
357 4057 521 4126 Typhonem
540 4059 633 4127 ipsum
651 4060 789 4114 Venerem
807 4062 1021 4128 persequentem
1039 4059 1184 4125 inducunt,
1203 4058 1251 4111 hic
1270 4057 1352 4111 deam
1370 4059 1472 4127 putan-

296 4141 354 4191 tem
373 4153 390 4191 3
408 4137 543 4206 Typhone
563 4155 592 4193 se
610 4140 704 4209 urgeri
723 4140 812 4209 fingit.

385 4220 411 4288 6)
430 4219 456 4271 H
471 4224 504 4271 30
518 4238 545 4288 p.
563 4224 603 4286 71,
621 4226 686 4288 lsq.
709 4219 919 4273 ‘Eratosthenes
937 4222 1031 4274 autern
1045 4235 1079 4273 ex
1093 4236 1125 4273 eo
1140 4219 1217 4289 pisce
1231 4220 1312 4272 natos
1326 4217 1377 4270 hos
1392 4216 1471 4283 dicit,

295 4299 331 4352 de
350 4315 404 4366 qno
423 4300 562 4367 posterius
582 4301 717 4353 dicemus’
738 4324 773 4348 ω
792 4298 850 4353 Cat.
866 4318 893 4367 p.
910 4305 974 4367 2243
993 4299 1024 4352 B.
1043 4300 1073 4352 P.
1093 4318 1120 4368 p.
1136 4305 1178 4352 81.
1198 4299 1244 4351 Ar.
1264 4296 1349 4351 schol.
1370 4315 1393 4349 v.
1410 4301 1469 4349 239.

294 4380 367 4449 Hyg.
382 4379 454 4432 1141
470 4398 497 4448 p.
514 4385 556 4446 18,
573 4386 604 4434 12
626 4381 643 4433 ‘.
661 4423 666 4433 .
683 4423 688 4433 .
704 4379 792 4432 Piscis
811 4381 841 4433 et
859 4380 918 4432 eius
937 4379 1065 4447 filiorum,
1085 4380 1121 4433 de
1140 4379 1241 4449 quibus
1256 4379 1322 4431 ante
1337 4376 1469 4430 diximus’

295 4483 330 4512 (υ
349 4459 407 4514 Cat.
422 4478 449 4532 p.
465 4465 530 4527 261;
549 4460 579 4513 Β.
595 4460 624 4513 P.
639 4479 666 4530 p.
683 4464 729 4526 993
748 4461 794 4513 Ar.
811 4459 896 4513 schol.
912 4478 935 4513 v.
952 4465 1011 4514 386.
