3194 5208
637 399 857 464 ..45-

162 556 268 622 1652.
291 560 391 621 Avien.
410 557 485 623 550.
505 558 578 623 832.
598 557 691 642 838),
720 570 751 621 et
779 565 830 641 qui
854 562 1014 641 Aquarium
1037 560 1235 641 Ganymedem
1264 581 1331 622 esse

162 659 383 739 interpretatur,
401 657 519 719 Iuvenis
534 676 697 737 cognomen
711 658 754 718 illi
769 677 822 720 sno
837 662 902 719 iure
917 659 1059 720 attrIbuit.
1066 653 1092 740 1)
1129 658 1331 737 Intellegimus

162 772 258 834 neque
283 755 443 834 sphaeram
461 755 562 817 Manili
584 757 695 819 fontem
714 757 807 818 luisse
825 775 922 835 neque
941 756 1060 816 illorum
1077 755 1330 816 necessltudiuem

162 855 345 931 argumentis
369 872 385 913 a
407 852 541 914 Wiechio
565 853 660 914 allatis
683 854 914 915 demonstratam
937 873 1012 916 esse.

639 1056 852 1066 *-

618 1247 874 1350 Epimetrnm.

250 1411 475 1472 Catasterismos
499 1419 580 1472 recte
604 1430 651 1472 me
675 1415 876 1473 aestimavisse
900 1419 933 1472 ut
956 1412 1166 1495 demonstrem,
1189 1420 1295 1473 restat:

364 1567 389 1633 Ι.
415 1567 461 1633 Ite
484 1567 642 1654 ampliore
665 1567 966 1636 batasterismornm
990 1568 1126 1654 sylloge.

250 1712 377 1773 PrIstina
406 1731 508 1773 eorum
537 1715 691 1791 integritas
716 1713 862 1792 quomodo
885 1713 1068 1774 restltuenda
1094 1715 1144 1794 sit,
1172 1714 1230 1772 riri
1252 1712 1332 1772 docti

161 1809 349 1871 dissenIIunt.
394 1810 431 1869 dt
453 1810 701 1894 proficiscendum
725 1818 771 1871 est
793 1830 810 1870 a
834 1810 955 1871 scholiis
977 1811 1059 1871 Arati
1082 1810 1174 1870 latini.
1221 1809 1331 1869 Eorum

160 1909 241 1966 enim
263 1910 360 1968 versio
384 1906 488 1988 latina,
511 1926 600 1987 quam
623 1927 658 1968 ex
683 1907 786 1968 eodem
811 1908 891 1968 lonte
914 1917 1002 1986 atque
1025 1907 1159 1968 codicem
1181 1905 1205 1966 Τ
1229 1905 1328 1968 Gatas-

160 2006 351 2064 terismorum
381 2023 397 2064 a
424 2003 548 2065 Rehmio
580 2024 675 2084 nuper
704 2006 874 2084 indagatum
904 2005 1024 2065 fluxisse
1054 2007 1086 2064 in
1116 2005 1253 2065 confesso
1283 2005 1331 2084 sit,

162 2100 245 2161 illum
269 2103 310 2161 ita
333 2101 459 2182 supplet,
484 2110 517 2163 ut
540 2104 604 2162 elus
628 2105 832 2162 recensionem
856 2121 871 2162 a
895 2104 1002 2163 ceteris
1026 2103 1237 2180 manuscriptis
1261 2100 1331 2160 alie·

160 2215 229 2258 uam
253 2200 340 2258 etiam
364 2201 395 2259 in
419 2201 462 2259 eis
485 2198 620 2278 partibus
643 2206 782 2280 praestet,
806 2218 879 2278 quas
903 2201 966 2278 ipse
986 2201 1104 2259 omittit.
1144 2198 1246 2277 ltaque
1265 2216 1330 2257 ver-

160 2297 275 2356 sionem
298 2295 409 2356 codicis
432 2299 526 2356 instar
549 2295 642 2356 habeo
662 2315 758 2375 neque
777 2296 880 2356 dubito
900 2299 1006 2376 omnia,
1032 2295 1140 2374 quibus
1164 2295 1256 2355 libros
1281 2295 1331 2354 ad-

159 2392 217 2452 huc
239 2399 326 2453 notos
350 2401 470 2471 superat
492 2401 523 2454 ct
545 2411 613 2454 cum
631 2393 740 2472 Hygini
763 2396 942 2454 astronomia
962 2392 1188 2471 Germanicique
1209 2391 1329 2453 scholiis

160 2493 316 2571 consentit,
335 2493 463 2569 genuina
481 2509 609 2569 veraque
628 2509 788 2568 agnoscere
807 2498 837 2550 et
855 2493 886 2550 in
905 2489 1078 2568 ampliorem
1093 2490 1200 2550 Hatast.
1217 2488 1329 2549 librum

160 2587 303 2648 reducere
323 2581 374 2671 (cl.
389 2588 494 2669 Maass,
512 2587 585 2667 prol.
600 2607 627 2667 p.
642 2583 808 2672 XXXVIII).
846 2587 999 2648 Consensu
1018 2589 1097 2646 enim
1116 2586 1235 2646 illorum
1255 2604 1330 2665 opus

159 2691 218 2760 est,
246 2703 313 2745 oum
340 2685 618 2764 interpolationibus
646 2688 813 2764 perspicuis
840 2687 937 2745 versio
963 2702 1021 2744 non
1046 2701 1169 2763 prorsus
1193 2693 1276 2744 vacet
1299 2691 1329 2744 et

159 2783 224 2842 eius
248 2782 383 2842 codicum
407 2783 583 2861 archetypus
607 2790 687 2842 esset
709 2781 860 2842 mutilatus
884 2775 934 2863 (cl.
954 2781 1049 2842 Maass
1068 2781 1086 2842 l.
1105 2780 1123 2841 l.
1143 2801 1170 2860 p.
1190 2780 1327 2841 XXXVII.

158 2877 243 2937 XLII.
266 2878 360 2939 Rehm
378 2898 423 2958 pr.
441 2898 469 2958 p.
489 2872 603 2961 Vlsq.).
648 2879 685 2938 At
703 2897 762 2939 non
782 2879 877 2939 solum
896 2877 1022 2957 amplius
1041 2881 1150 2939 ceteris
1170 2878 1222 2938 sed
1241 2881 1330 2939 etiam

158 2977 305 3053 intengus
328 2979 392 3036 eius
416 2976 565 3054 exemplar
588 2976 656 3056 luit,
683 2976 761 3054 quod
785 2975 800 3035 e
824 2975 970 3054 capitibus
995 2975 1106 3036 codicis
1129 2975 1153 3034 Τ
1176 2975 1328 3035 difficilius

158 3071 349 3150 Intellegltur.
394 3073 451 3132 Pro
479 3073 580 3134 multis
608 3073 666 3133 duo
695 3072 880 3152 argumenta!
926 3071 1079 3153 Fabulam,
1108 3091 1182 3151 quae
1211 3075 1243 3132 in
1266 3072 1327 3133 Cat.

159 3169 195 3229 de
215 3170 376 3248 Scorpione
395 3178 441 3230 est
460 3164 502 3254 (p.
520 3168 592 3250 196,
610 3164 718 3251 1-7),
737 3189 773 3230 ex
792 3171 871 3232 Arati
892 3169 1003 3229 scholio
1023 3163 1074 3252 (ad
1092 3189 1118 3228 v.
1136 3164 1216 3253 636)
1236 3172 1327 3230 inter-

158 3266 286 3344 polatam
313 3287 379 3328 esse
407 3286 466 3329 non
494 3271 609 3347 primus
637 3268 703 3328 dico
727 3262 778 3351 (cl.
798 3267 892 3328 Rehm
909 3286 937 3346 p.
960 3260 1029 3350 19),
1060 3269 1145 3327 cuius
1174 3269 1329 3328 veritatem

159 3367 322 3424 sententiae
346 3365 435 3425 verba
457 3373 607 3444 postrema
625 3358 765 3448 (7-11)
783 3366 972 3444 patefaciunt,
996 3367 1106 3442 quippe
1130 3383 1204 3443 quae
1227 3383 1327 3425 narra·

157 3463 270 3521 tionem
289 3460 408 3521 Orionis
432 3480 463 3522 se
487 3465 623 3523 iactantis
647 3480 707 3522 non
725 3460 847 3521 Dianam
869 3461 1014 3522 laedentis
1033 3462 1186 3539 attingant.
1222 3459 1328 3522 Veram

158 3565 328 3636 rectamque
353 3561 418 3619 eius
436 3559 562 3620 formam
579 3560 661 3620 drati
679 3559 763 3620 latini
782 3563 930 3639 interpres
953 3553 968 3642 (
990 3607 996 3618 .
1018 3555 1090 3640 196,
1109 3554 1234 3642 2-11)
1259 3578 1328 3619 con-

158 3673 249 3715 sensu
272 3655 380 3735 Hygini
404 3649 445 3739 (p.
466 3654 517 3737 68,
538 3654 578 3718 16
590 3652 648 3740 sq.)
672 3657 898 3735 Germanicique
923 3655 1102 3716 scholiorum
1127 3653 1172 3738 (B.
1188 3655 1217 3716 P.
1233 3675 1261 3735 p.
1277 3655 1329 3738 63,

158 3748 283 3834 9-13)
307 3754 429 3833 profert.
480 3753 572 3815 Porro
604 3754 732 3815 fabulam
763 3754 856 3814 Ursae
889 3754 1009 3814 maioris
1042 3753 1197 3813 liberatam
1228 3755 1327 3832 priore

158 3856 242 3928 parte
269 3849 364 3911 aliena
391 3853 570 3912 narrationis
593 3851 773 3931 Amphideae
797 3857 1037 3930 contractamque
1060 3853 1092 3910 in
1116 3850 1223 3911 Catast.
1247 3851 1328 3910 codi-

158 3944 242 4007 cibus
266 3953 382 4007 exstare
406 3951 585 4027 comparatio
610 3948 735 4008 aliorum
758 3951 937 4027 scriptorum
962 3942 1327 4029 (uyg.p.30‚15-20.

157 4042 189 4102 B.
204 4042 233 4103 P.
248 4063 276 4122 p.
291 4040 343 4124 58,
358 4039 482 4123 9-12)
505 4044 658 4123 probabile
682 4045 753 4105 lacit
777 4043 827 4127 (cf.
851 4044 969 4105 Robert.
992 4064 1021 4123 p.
1043 4042 1092 4106 12.
1114 4040 1183 4128 14),
1206 4045 1327 4107 demon·

157 4147 253 4201 strant
276 4141 331 4201 hoo
353 4140 464 4202 scholia
486 4141 576 4202 latina
599 4136 641 4226 (p.
663 4139 724 4204 181
737 4136 804 4225 sq.).
846 4141 929 4202 Haud
954 4140 1042 4202 dubie
1067 4143 1158 4220 igitur
1177 4142 1328 4221 exemplar

158 4238 288 4299 nondum
307 4239 389 4299 Arati
412 4238 534 4300 scholiis
558 4248 730 4320 corruptum
753 4246 995 4319 amputatumque
1019 4258 1035 4299 a
1059 4238 1211 4300 redactore
1230 4240 1261 4300 id
1281 4248 1327 4300 est

246 4465 272 4540 1)
290 4461 391 4517 11406.
406 4467 465 4518 492.
482 4469 541 4518 558.
557 4469 617 4519 566.
636 4464 675 4519 IV
689 4469 748 4520 260.
764 4469 823 4520 357.
840 4470 899 4518 385.
916 4467 974 4517 709.
991 4468 1050 4518 rur.
1069 4462 1095 4520 V
1109 4469 1168 4518 488.
1184 4468 1243 4520 506.
