3194 5208
614 391 834 458 ..41-

139 556 235 618 Germ.
259 574 285 616 v.
306 549 447 636 199J200
469 587 514 598 —
536 554 669 616 relictam
690 551 695 635 Ι
715 553 930 616 Andromedam
944 589 996 600 ·-

722 647 842 736 (eodem
865 672 968 714 versus
991 646 1071 737 loco)

258 771 284 812 v.
348 747 437 812 2-
460 752 606 811 maximus
625 757 728 810 auctor
747 743 761 834 (
782 797 801 831 ,‚
911 797 930 832 „
1017 745 1072 835 ,‚)

258 867 284 911 v.
304 845 366 911 721
391 880 433 892 -—
458 865 598 927 squamea
620 854 703 926 terga
748 840 801 930 (‚,
912 895 930 930 ,‚
1018 842 1072 932 ‚‚)

260 965 285 1007 v.
304 942 371 1007 434
395 978 437 989 -
461 952 638 1023 noctemque
662 944 800 1024 diemque
824 939 920 1030 (498)
1101 944 1313 1007 Baudriabhas

260 1062 286 1104 v.
306 1040 371 1104 345
395 1075 437 1084 -
461 1041 604 1121 aplustria
617 1045 726 1122 puppis
743 1035 862 1126 (eodem
875 1061 980 1105 versus
994 1036 1073 1127 loco)
1146 1039 1210 1105 651

258 1159 283 1201 v.
303 1135 369 1202 205
392 1173 434 1182 —
457 1157 570 1218 poenae
594 1139 684 1200 iacies
708 1133 765 1222 (ε
785 1135 985 1223 Andromeda)

259 1255 285 1297 v.
304 1232 369 1299 532
393 1268 436 1280 -
460 1243 562 1296 aurato
585 1235 694 1296 vellere
718 1269 760 1280 —
1102 1237 1184 1299 ovid.
1207 1238 1269 1298 her.

725 1325 843 1417 (eodem
867 1353 972 1396 versus
995 1335 1060 1396 loco
1146 1332 1218 1395 Vl?

259 1451 285 1492 v.
307 1426 370 1493 159
393 1463 435 1474 -
461 1430 617 1490 demersus
635 1432 668 1490 in
684 1430 778 1491 undas
793 1425 826 1515 (,‚
913 1479 932 1514 ‚‚
1020 1480 1039 1514 ,‚

260 1548 285 1589 v.
304 1520 370 1591 335
394 1560 436 1571 —
460 1529 582 1606 proprio
593 1526 648 1588 suh
659 1530 778 1589 nomine
794 1522 826 1612 (,‚
914 1576 932 1611 ,‚
1021 1426 1075 1613 ἢ)

202 1622 307 1700 avos
327 1622 369 1686 27
394 1632 536 1704 aequatae
559 1623 665 1685 hhrato
688 1625 820 1704 pondere
844 1625 945 1687 chelae

725 1716 844 1806 (eodem
867 1741 972 1784 versus
996 1717 1075 1807 loco)

260 1841 286 1882 v.
308 1817 371 1883 184
394 1854 437 1864 -
461 1836 530 1881 oum
553 1822 678 1898 coniuge
703 1819 838 1899 Cepheus

725 1909 844 2001 (eodem
867 1936 973 1979 versus
996 1911 1075 2001 loco)

263 2035 288 2078 v.
307 2013 370 2078 627
395 2014 470 2076 Nisa
488 2033 567 2094 genu
587 2007 743 2097 species(
786 2061 804 2095 „
914 2061 933 2096 „
1021 2007 1075 2097 ,‚)

140 2284 235 2345 luisse
258 2289 392 2362 apertum
417 2283 465 2363 sit,
488 2288 606 2361 tempus
630 2280 754 2342 definire
777 2299 945 2364 possumus,
967 2288 1035 2362 post
1058 2281 1136 2360 quod
1160 2279 1232 2341 illud
1252 2299 1316 2340 car-

139 2399 207 2441 men
238 2379 349 2442 editum
377 2397 442 2440 esse
472 2381 585 2458 nequit.
633 2378 707 2439 Nam
737 2397 773 2438 ex
804 2397 854 2460 eo,
886 2379 964 2458 quod
988 2377 1181 2439 Germanicus
1204 2378 1309 2437 Aratea

139 2480 218 2539 iuter
240 2478 365 2556 Augusti
393 2483 520 2537 mortem
544 2471 709 2559 condidit1)
734 2483 765 2536 et
787 2475 873 2537 Ovidi
900 2478 1044 2537 lastorum
1072 2477 1313 2536 retractationem

143 2569 182 2658 (a.
204 2569 268 2656 17),
290 2572 442 2634 Manilium
466 2581 533 2634 ante
557 2591 669 2634 anuum
692 2580 812 2634 nostrae
838 2582 1004 2654 temporum
1023 2574 1147 2632 rationis
1166 2573 1315 2634 decimum
1417 2591 1419 2595 ¹

140 2665 288 2755 sextum²)
311 2671 515 2732 Astronomica
538 2672 645 2733 iecisse
669 2664 826 2754 cogitari)

49 2903 53 2908 '
138 2897 256 2965 uterque
275 2895 386 2950 videtur
403 2894 475 2950 forte
495 2912 710 2951 commemorare
729 2895 834 2966 (Manli.
853 2896 879 2949 H
898 2901 950 2950 609
964 2913 1004 2964 sq.
1025 2895 1152 2949 German.
1174 2898 1225 2947 558
1237 2895 1316 2963 sqq),

141 2976 175 3030 de
190 2991 224 3030 ea
238 2975 364 3030 conferas
379 2992 451 3045 quae
465 2975 585 3030 Bechert
599 2974 617 3027 l.
631 2975 650 3029 1.
665 2995 692 3045 p.
710 2981 741 3029 17
758 2977 786 3028 et
799 2976 894 3030 Massa
909 2976 927 3028 l.
942 2976 961 3028 l.
975 2993 1002 3044 p.
1018 2974 1103 3043 IVsq.
1119 2973 1316 3028 disseruerunt.

229 3057 255 3124 1)
275 3054 309 3108 cf.
324 3055 419 3109 Maass
432 3054 450 3108 l.
465 3055 483 3108 l.
504 3055 565 3109 Etsi
578 3055 696 3109 Ehwald
711 3055 857 3124 (Bursians
871 3055 1028 3109 Jahresber.
1045 3059 1079 3107 80
1093 3072 1121 3122 p.
1137 3054 1181 3121 51)
1195 3051 1317 3106 Maassio

139 3151 197 3189 non
213 3151 326 3203 prorsus
346 3135 506 3201 assentitur,
525 3137 621 3190 tamen
640 3135 768 3206 cogimur
786 3135 945 3190 Germanici
963 3133 1054 3188 verbis
1074 3152 1097 3188 v.
1118 3139 1133 3186 3
1155 3132 1220 3187 ‘tibi
1239 3147 1318 3186 sacra

140 3213 199 3268 fero
218 3213 349 3282 doctique
368 3213 472 3269 laboris
491 3214 642 3283 primitias’
668 3217 697 3269 et
719 3213 801 3268 Ovidi
819 3214 883 3268 fast.
901 3214 962 3267 isa
983 3215 1072 3266 ‘vates
1090 3229 1157 3282 rege
1177 3211 1249 3266 vatis
1267 3211 1318 3264 ha-

140 3293 239 3347 benas’
259 3293 365 3347 Aratea
382 3293 477 3362 priora
496 3310 581 3362 quam
600 3293 689 3348 fastos
708 3296 875 3348 retractatos
893 3295 1001 3362 putare.
1205 3343 1210 3352 .

228 3375 255 3442 2)
228 3372 371 3426 thirem
385 3373 501 3442 propius
517 3373 553 3427 ad
568 3373 688 3442 Augusti
702 3375 821 3427 mortem
836 3373 983 3427 admovere
997 3388 1113 3463 nequeo.
1126 3371 1211 3447 'Nam
1224 3387 1318 3424 versus

139 3449 152 3504 Ι
171 3455 222 3504 384
233 3469 292 3519 sqq
312 3450 395 3505 1800
415 3452 459 3521 (of.
481 3451 567 3506 Scal’
585 3471 612 3521 p
629 3455 673 3522 98)
692 3453 816 3507 nondum
839 3453 908 3506 satis
926 3451 1065 3521 perspicio
1084 3467 1175 3519 neque
1195 3442 1258 3503 cum
1277 3465 1318 3503 se-

140 3530 290 3598 quentibus
309 3529 461 3601 (1925)
409 3535 461 3600 sq)
481 3531 630 3586 conciliare
647 3550 774 3601 possum,
800 3547 972 3601 quamquam
991 3530 1090 3585 doctae
1110 3529 1317 3636 disputationes

140 3609 285 3664 Kreamma'
304 3612 332 3664 at
350 3610 480 3665 Becherti
498 3611 569 3665 mihi
587 3614 672 3665 notae
691 3614 763 3665 sunt

204 3688 371 3759 )Vorgt1
394 3690 576 3756 sententiam,
603 3689 651 3758 qui
674 3690 841 3744 Arateorum
864 3693 979 3759 poetam
1002 3690 1122 3744 eundem
1147 3706 1207 3744 esse
1232 3691 1318 3758 atque

140 3768 398 3822 Astronomicorum
411 3770 496 3838 putat
511 3768 658 3840 (Philolog.
675 3774 708 3822 58
722 3788 749 3838 p.
767 3775 817 3823 199
826 3772 886 3840 sq),
901 3769 1016 3836 seclari,
1032 3769 1107 3838 quod
1121 3785 1252 3838 perversa
1266 3770 1316 3823 est.
