3194 5208
613 429 831 492 ...49-

137 596 231 674 gratia
263 593 471 673 interpolatam
503 609 569 652 esse
601 610 618 652 e
650 593 796 653 versionis
828 592 935 653 latinae
970 595 1149 675 interprete,
1184 591 1308 675 Hygino,

138 691 317 770 scholiisque
346 693 377 751 in
405 689 627 771 Germanicum,
658 692 710 769 qui
740 708 843 750 omnes
873 690 922 750 hic
952 690 1072 772 desunt,
1102 693 1308 770 unusquisque

137 781 330 872 intellegatl),
354 788 491 869 denique,
518 805 586 848 cum
609 786 701 849 altera
724 787 846 848 alteram
869 787 949 848 nulla
973 790 1180 849 coniunctione
1205 787 1309 850 subse-

137 894 258 968 quatur,
281 893 331 947 aut
353 893 510 964 utramque
534 904 570 945 ex
594 884 650 944 alio
674 885 755 945 lonte
777 885 913 946 hausisse
936 903 1003 947 eum
1028 893 1078 949 aut
1101 886 1212 965 aliquid
1235 888 1308 946 omi·

137 986 213 1045 sisse
237 982 463 1045 coniectandum
487 989 541 1043 est.

225 1080 348 1142 Restant
370 1087 432 1141 tres
454 1079 579 1160 tabulae,
602 1099 727 1159 quarum
747 1082 843 1159 prima
862 1080 899 1140 de
918 1080 1015 1141 Tauro
1034 1099 1051 1141 a
1069 1081 1184 1141 'l'heseo
1204 1088 1308 1142 necato

136 1182 168 1239 in
190 1178 272 1240 Arati
300 1177 412 1241 scholio
436 1171 476 1261 (r.
497 1162 583 1257 167)
600 1177 662 1238 solo
684 1176 807 1259 legitur,
834 1177 939 1238 eodem
967 1178 1141 1261 secundam,
1169 1196 1243 1257 quae
1271 1179 1307 1238 de

136 1275 272 1337 Nemesis
300 1282 350 1336 aut
372 1275 468 1336 Ledae
493 1273 573 1334 olore
597 1281 656 1357 cst,
685 1282 808 1355 propter
830 1275 988 1336 verborum
1013 1275 1238 1338 similitudinem
1261 1294 1308 1339 ro·

136 1393 222 1455 voco,
249 1375 425 1453 praesertim
454 1365 521 1433 cum
545 1371 667 1432 alteram
690 1372 815 1432 formam
838 1371 889 1434 illo
914 1371 1071 1433 scholiasta
1094 1366 1134 1454 (v.
1154 1366 1235 1458 273)
1258 1391 1308 1433 ex-

137 1479 223 1551 cepto
246 1469 383 1530 Manilius
407 1468 602 1533 Germanicus
625 1464 664 1550 (r.
684 1465 763 1550 275)
788 1467 979 1550 Hyginusque
1003 1469 1060 1530 soli
1081 1469 1241 1549 proferant.

224 1567 369 1646 Erigones
402 1563 543 1647 fabulam,
576 1585 650 1645 quae
683 1567 770 1626 tertia
802 1574 861 1648 est,
892 1565 1004 1628 Robert
1027 1561 1041 1648 (
1062 1613 1069 1628 .
1092 1561 1129 1652 4)
1156 1574 1186 1628 et
1213 1566 1308 1628 blaass

137 1660 183 1749 (Α.
202 1664 234 1725 Ε.
253 1684 282 1744 p.
303 1663 330 1725 l.
351 1659 408 1747 83)
433 1663 552 1743 quidem
576 1666 607 1723 in
631 1663 825 1742 amplioribus
844 1663 1062 1724 Catasterismis
1085 1664 1177 1725 luisse
1196 1664 1308 1739 dicunt,

137 1762 188 1823 sed
221 1781 277 1823 nec
307 1761 372 1821 vola
402 1779 457 1822 nec
488 1763 645 1840 vestigium
675 1761 717 1821 ibi
746 1763 896 1841 reperitur
924 1779 961 1821 ne
991 1764 1023 1820 in
1052 1763 1189 1822 versione
1219 1761 1308 1822 latina

137 1859 266 1938 quidem.
303 1858 340 1919 At
353 1857 486 1937 Hyginus
500 1865 530 1918 et
545 1857 656 1918 scholia
670 1857 839 1922 Germanioi
853 1877 918 1918 eam
933 1857 1183 1937 complectuntur!
1212 1859 1308 1938 Certe,

137 1957 187 2017 sed
206 1955 264 2038 ille,
283 1957 392 2034 quippe
408 1957 459 2038 qui
474 1948 565 2038 (114)
580 1955 665 2035 plura
680 1955 798 2016 aliunde
817 1956 959 2016 adiecerit
966 1950 1002 2040 ²),
1020 1963 1050 2016 et
1067 1955 1150 2037 haec,
1169 1958 1308 2039 quoniam

136 2056 215 2115 inter
237 2055 437 2114 narrationem
456 2052 734 2114 Catasterismorum
755 2047 797 2137 (p.
816 2045 921 2136 2011))
945 2055 1096 2132 propriam
1115 2060 1145 2113 et
1163 2052 1308 2132 Erigones

136 2150 265 2211 fabulam
293 2149 449 2229 Nigidiano
473 2143 515 2232 (p.
535 2146 587 2232 65,
605 2148 650 2212 20
669 2183 711 2193 —
731 2147 782 2232 66,
802 2142 838 2232 6)
861 2158 988 2232 ponunt,
1020 2151 1185 2211 testimonii
1214 2153 1309 2210 instar

136 2249 223 2309 citari
244 2265 304 2307 non
328 2247 503 2308 debuerunt
544 2247 640 2308 Etiam
663 2250 762 2309 minus
786 2247 1000 2326 subscriptioni
1023 2244 1162 2328 Ἱστορεῖ
1178 2242 1312 2328 ’liparo--

136 2340 260 2425 coenas
283 2339 320 2407 ἐν
342 2352 412 2418 τοῖς
434 2339 554 2407 ἑαυτοῦ
576 2342 781 2424 καταλόγοις’
810 2345 915 2405 scholii
942 2345 1043 2405 Iliadis
1067 2339 1117 2428 (X
1131 2342 1172 2406 29
1193 2339 1230 2428 Β)
1255 2347 1307 2404 tri-

135 2443 208 2525 buo,
240 2445 325 2504 cuius
353 2442 442 2503 rerba
469 2444 601 2503 virorum
629 2443 783 2504 doctorum
811 2444 1012 2522 suspicionem
1040 2459 1099 2502 non
1127 2445 1191 2506 siue
1219 2461 1309 2504 causa

135 2550 262 2601 movent.
307 2541 389 2601 Arati
425 2539 522 2601 alutem
561 2540 706 2602 scholium
742 2542 842 2619 magni
878 2541 1021 2600 momenti
1057 2546 1111 2601 est.
1157 2537 1232 2600 Nam
1265 2539 1308 2600 ibi

136 2632 272 2722 (pom,
293 2632 349 2721 10)
372 2637 461 2700 huius
485 2637 600 2699 iahulae
624 2640 781 2717 vestigium
805 2639 938 2717 quamvis
961 2637 1146 2698 levissimum
1168 2639 1308 2719 occurrit,

136 2754 152 2796 e
176 2753 234 2814 qno
257 2734 288 2793 id
311 2734 434 2795 uberius
458 2731 615 2814 aliquando
639 2736 731 2796 fuisse
756 2734 870 2814 colligo.

224 2831 374 2911 Cosmam,
401 2833 539 2909 quoniam
564 2834 628 2892 eins
652 2831 817 2894 tabularum
839 2839 955 2912 partem
979 2839 1075 2912 certo,
1100 2842 1216 2911 partem
1238 2850 1308 2911 pro-

135 2929 273 2990 babiliter
296 2929 332 2990 ad
356 2927 467 2990 scholia
489 2929 595 2990 Aratea
618 2929 806 3008 reduximus,
833 2931 875 3010 ci,
903 2930 955 3007 qui
978 2931 1151 3008 cogniturus
1175 2936 1221 2989 est
1243 2929 1307 2989 illo-

135 3045 201 3088 rum
233 3025 434 3087 redactionem
465 3027 622 3105 pristinam
654 3044 714 3091 non
748 3028 943 3086 restituturus
975 3026 1099 3086 formam
1133 3025 1307 3088 Gatasteris·
1405 3101 1414 3116 ·

135 3141 251 3184 morum
274 3125 476 3204 integriorem,
498 3123 641 3204 prodesse
665 3130 795 3204 apparet.
838 3122 913 3190 Nam
937 3122 1048 3184 scholia
1070 3124 1152 3185 Arati
1175 3126 1307 3185 auctiora

136 3220 305 3282 adhibuisse
327 3214 486 3305 videtur.⁸)

136 3344 349 3354 ----.-.-.,

225 3411 251 3478 1)
271 3409 305 3462 cf.
326 3407 551 3476 Olirieri-Rehm,
570 3409 687 3463 Hermes
707 3415 741 3462 34
759 3428 786 3479 p.
802 3414 854 3462 264
873 3410 936 3463 odn.
953 3415 977 3462 3.
1039 3449 1040 3454 κ

224 3490 250 3556 2)
270 3486 304 3540 cf.
324 3488 427 3554 Mones,
446 3487 478 3539 A.
498 3487 529 3540 Ε.
548 3506 575 3556 p.
591 3492 625 3540 68
636 3506 695 3556 sqq.
711 3493 753 3542 83.

224 3567 250 3635 3)
270 3565 418 3619 Consentio
442 3583 505 3619 oum
523 3567 642 3622 liehmio
661 3567 791 3638 (Hermos
810 3574 844 3622 34
862 3587 889 3637 p.
905 3574 957 3622 264
976 3567 1040 3623 adn.
1056 3575 1080 3622 8.
1099 3589 1126 3638 p.
1142 3572 1217 3638 267),
1244 3587 1307 3624 eum

135 3645 257 3701 Moossio
276 3645 402 3715 discrepo
422 3645 464 3718 (A.
484 3645 515 3701 E.
533 3664 560 3718 p.
577 3652 600 3700 7.
621 3646 723 3702 Oomm.
743 3666 771 3716 p.
786 3653 838 3701 676
858 3649 942 3719 adn).

565 3889 879 3918 ...η-«ομ...-

401 4158 624 4226 Addendum
647 4160 703 4250 (ad
725 4186 779 4248 pp.
803 4161 846 4227 5⁴.
870 4161 935 4227 444.
959 4161 1040 4251 47¹).

224 4280 362 4335 hiensium
381 4281 495 4337 nomino
513 4281 607 4353 Αἰγών
626 4285 655 4338 et
668 4281 781 4352 ῗΤδρών,
803 4301 921 4353 quorum
938 4284 1115 4340 Ptolemaeus
1133 4285 1306 4342 mentionem

134 4359 204 4414 fecit
218 4362 300 4430 (synt.
316 4361 355 4416 IX
370 4367 393 4416 7.
410 4367 451 4418 10.
466 4361 525 4419 Χ9,
540 4360 578 4414 XI
589 4363 623 4434 3),
639 4363 674 4419 do
688 4363 847 4421 nominibus
861 4364 1004 4434 signorum
1018 4381 1069 4436 per
1083 4364 1304 4421 deminutionem

128 4437 218 4500 ,factis
236 4440 289 4507 Al}
309 4443 338 4496 et
349 4438 453 4510 “rocon
472 4441 598 4506 detineto
616 4458 677 4498 esre
695 4443 832 4500 videntur.

1075 4608 1091 4655 4
