3194 5208
615 447 833 514 „35-

134 615 332 695 demonstret,
355 612 428 674 dicit
447 607 489 696 (h.
509 631 536 673 n.
555 612 583 672 II
602 609 653 693 70,
673 604 765 694 178)
789 608 1025 691 ‘Septentriones
1043 630 1103 673 non
1122 613 1217 674 ceruit
1235 611 1308 674 Tro-

135 713 275 792 godytice
300 718 330 772 et
353 713 478 771 confinis
500 711 649 790 Aegyptus
672 728 769 788 neque
793 707 944 769 Canobum
963 705 1065 770 Italia'.
1106 709 1217 772 Eorum
1241 729 1309 770 auc-

12 815 16 826 '
134 819 234 870 torem
259 827 446 870 communem
469 814 676 886 argumentum
700 808 790 868 nimia
809 808 1010 868 contractione
1029 807 1065 867 ad
1084 809 1309 887 perversitatem

134 909 344 987 depravarisse
372 904 462 966 verba
489 907 643 984 sequentia
671 904 791 985 docent,
821 903 929 983 quibus
957 906 1121 984 positiones
1144 905 1257 966 Canobi
1280 911 1310 964 et

134 1005 230 1066 Ursae
254 1011 334 1064 recte
358 1009 579 1082 comparantur:
608 999 758 1081 ‘Adeoque
787 1001 944 1062 manilesto
972 1021 1130 1082 assurgens
1158 1002 1309 1081 fastigium

136 1108 291 1183 curratur,
319 1108 353 1162 ut
376 1099 513 1161 Canobus
541 1107 675 1178 quartam
699 1099 761 1159 lere
785 1105 900 1178 partem
924 1101 1003 1178 signi
1024 1103 1114 1161 unius
1138 1119 1227 1179 supra
1249 1108 1309 1160 ter-

135 1219 202 1261 ram
235 1201 367 1260 eminere
399 1197 592 1258 Alexandriae
625 1196 810 1257 Intuentibus
843 1197 990 1278 rideatur,
1022 1197 1126 1258 eadem
1158 1216 1174 1258 a
1206 1197 1309 1257 Rhodo

135 1306 250 1359 terram
278 1295 493 1375 quodammodo
522 1297 617 1374 ipsam
645 1296 806 1375 stringere,
833 1295 865 1353 in
888 1294 981 1355 Ponto
1010 1296 1129 1355 omnino
1157 1313 1218 1356 non
1245 1313 1309 1357 oer-

135 1403 238 1475 natur,
267 1393 319 1455 uhi
341 1395 468 1454 maxime
492 1391 628 1453 sublimis
653 1387 843 1471 Septentrio'.
889 1391 981 1453 Error
1004 1394 1095 1472 igitur
1118 1398 1164 1454 est
1186 1411 1309 1472 excerp-

136 1486 254 1576 toris.¹)
299 1493 513 1570 Argumentum
541 1482 686 1572 ipsum²),
716 1489 794 1568 quod
822 1491 901 1549 inter
923 1489 1118 1550 Posidoniana
1146 1490 1195 1551 hic
1222 1498 1309 1570 poeta

137 1590 237 1670 allert,
267 1587 436 1668 philosophi
463 1581 603 1669 Rhodii³)
635 1605 700 1647 esse
728 1585 842 1647 Plinius
871 1587 979 1666 prodit.
1025 1586 1099 1647 Nam
1126 1587 1216 1648 verba
1244 1590 1309 1649 eius

136 1689 318 1768 posteriora,
341 1703 416 1765 quae
439 1705 456 1745 a
478 1683 725 1764 praecedentibus
749 1685 866 1762 seiungi
889 1702 948 1744 non
972 1692 1106 1765 possunt,
1128 1685 1165 1744 ad
1188 1684 1308 1746 Posido-

137 1788 223 1845 nium
245 1785 317 1844 satis
341 1790 422 1843 certo
445 1774 663 1866 revocantur.⁴)
709 1780 811 1860 Itaque
834 1780 985 1842 Manilium
1013 1780 1097 1842 illum
1125 1784 1223 1861 ipsum
1249 1801 1309 1843 non

138 1881 248 1943 adiisse
273 1887 402 1960 apparet.
447 1879 500 1940 His
528 1886 627 1940 autem
655 1881 803 1958 excerptis
832 1880 920 1939 etiam
944 1879 1038 1940 aliena
1062 1898 1078 1939 a
1101 1879 1307 1940 Posidonianis

138 1980 260 2041 luerunt
283 1977 419 2038 admixta.

227 2075 317 2136 Poeta
335 2077 415 2136 enim
435 2075 471 2135 ad
489 2076 633 2136 rationem
652 2075 889 2136 adversariorum
896 2068 922 2158 ὅ)
943 2075 1127 2154 quorundam
1144 2077 1309 2155 positiones

139 2173 271 2234 siderum
285 2166 425 2256 Hygini⁶)
445 2190 591 2233 consensu
612 2171 715 2233 definit
733 2174 782 2253 ita,
801 2179 835 2232 ut
853 2171 1025 2250 regionibus
1042 2172 1266 2252 septentrionali
1280 2180 1310 2233 et

139 2269 261 2332 australi
280 2270 413 2330 dextram
436 2277 550 2348 partem
574 2269 648 2330 caeli
671 2277 701 2330 et
724 2271 877 2330 sinistram
899 2264 1070 2353 opponat⁷)‚
1094 2289 1166 2350 quas
1190 2271 1310 2332 easdem

139 2386 205 2430 esso
223 2361 389 2450 Rhodius⁸)
413 2367 572 2428 contendit.
614 2365 695 2427 Plano
718 2365 754 2427 de
774 2366 951 2428 caelestibus
969 2368 1104 2448 partibus
1124 2371 1310 2451 sententiam,

139 2468 248 2545 quippe
267 2484 325 2544 qua
342 2464 471 2526 Achilles
489 2465 643 2545 repudiata
662 2463 875 2543 interpretibus
893 2465 976 2526 Arati
995 2464 1171 2545 quibusdam
1189 2474 1223 2526 ut
1240 2485 1310 2545 pro-

137 2565 234 2642 priam
257 2561 369 2623 tribuat
386 2555 429 2646 (p.
450 2558 501 2644 72,
522 2555 577 2645 15)
602 2569 632 2622 et
655 2568 797 2641 sequatur
820 2564 948 2640 scriptor
971 2565 1107 2641 isagogae
1130 2563 1309 2624 ineundam

137 2667 255 2738 poetam
279 2653 473 2744 anonymus9)
498 2655 539 2742 (p.
561 2655 656 2739 102³,
675 2657 761 2722 3-7
781 2652 833 2742 Μ),
857 2677 945 2738 quem
964 2660 1095 2720 indidem
1115 2667 1202 2740 atque
1220 2660 1308 2741 Hygi-

137 2775 210 2820 num
237 2756 372 2818 hausisse
395 2757 490 2818 Maass
518 2759 670 2836 perspexit
693 2750 780 2838 (prol.
804 2775 832 2835 p.
855 2751 977 2841 XXIII),
1007 2757 1193 2838 frequentem
1217 2758 1308 2819 tuisse

228 2931 253 2999 1)
271 2927 354 2982 lllum
372 2945 428 2982 non
443 2928 533 2981 solum
547 2926 716 2995 excerpsisse
731 2927 880 2981 sedetiam
895 2928 1067 2997 supplevisse
1082 2927 1308 2983 commemoratio

138 3007 232 3062 throni
246 3007 371 3062 Caesaris
385 3007 517 3063 Pliniana
529 3006 667 3076 patefacit
681 3006 717 3076 (H
731 3011 772 3073 70,
789 3009 849 3077 178)
867 3010 896 3061 et
908 3011 1004 3062 nostra
1019 3008 1159 3062 conclusio
1175 3008 1210 3061 de
1223 3008 1309 3062 lactei

138 3089 212 3142 orbis
231 3088 335 3142 fabulis
355 3087 534 3157 supratacto
553 3089 589 3158 (p.
610 3091 662 3159 21),
699 3088 762 3141 Hac
786 3087 820 3142 de
843 3104 928 3141 causa
951 3087 1028 3142 locus
1046 3087 1191 3142 Plinianus
1210 3088 1308 3142 errori·

138 3168 189 3222 hus
208 3169 305 3223 scatet.
750 3165 754 3172 '

227 3250 253 3318 2)
271 3249 358 3302 Recte
383 3248 437 3302 hoc
462 3250 626 3318 argumento
652 3250 769 3301 utuntur
796 3246 955 3315 Simplicius
982 3247 1022 3317 (in
1044 3246 1159 3302 Aristot.
1185 3247 1248 3302 libr.
1273 3247 1307 3303 de

138 3327 226 3398 caelo)
245 3346 272 3397 p.
287 3333 348 3395 547,
365 3334 396 3381 17
408 3346 466 3396 sqq.
488 3330 516 3382 et
533 3327 706 3396 Philoponus
726 3328 765 3397 (in
783 3327 898 3381 Aristot.
917 3327 1071 3397 meteorol.)
1090 3346 1116 3396 p.
1134 3333 1174 3394 18,
1190 3333 1222 3381 31
1234 3345 1293 3396 sqq.

227 3410 252 3478 3)
271 3407 438 3462 Posidonius
457 3409 549 3460 ortum
563 3406 669 3461 Oanobi
687 3424 743 3460 non
761 3407 865 3475 ubique
884 3405 1024 3460 visibilem
1043 3407 1080 3460 ad
1097 3407 1175 3461 varia
1194 3408 1307 3461 demon·

137 3488 253 3542 stranda
276 3487 407 3541 adhibuit
430 3487 473 3557 (el.
495 3486 593 3540 Strabo
612 3487 637 3539 H
657 3492 715 3540 119.
745 3485 882 3541 Cleomed.
902 3486 915 3538 I
934 3490 967 3539 10
985 3504 1012 3554 p.
1033 3491 1075 3539 92.
1104 3486 1210 3555 Maesa,
1228 3487 1307 3544 Aret

135 3585 163 3636 p.
179 3569 320 3636 363sqq.).

224 3650 251 3718 4)
271 3646 305 3700 of.
324 3647 426 3701 Manili
446 3647 579 3715 disputat.
599 3646 628 3698 in
648 3646 758 3700 Gemini
777 3647 900 3701 editione
918 3665 945 3715 p.
962 3652 1021 3700 257.

227 3728 253 3796 5)
272 3726 455 3804 Pythagoras,
474 3726 583 3794 Platon,
603 3726 768 3780 Aristoteles
788 3726 822 3780 01.
841 3725 939 3779 Aetius
958 3726 983 3777 H
1001 3731 1043 3794 11,
1059 3731 1072 3778 1
1088 3743 1114 3795 p.
1131 3730 1212 3791 339n,
1228 3731 1306 3780 4-7.

135 3805 177 3861 De
192 3806 331 3860 sententia
344 3806 584 3876 Pythagoreorum
598 3805 632 3859 cf.
647 3806 762 3860 Aristot.
778 3807 812 3859 de
827 3805 904 3859 caelo
918 3804 945 3858 H
959 3813 974 3859 2
989 3824 1016 3874 p.
1027 3810 1079 3859 284
1087 3823 1146 3875 sqq.
1162 3806 1191 3860 et
1204 3805 1305 3860 Achill.

226 3965 729 4037 e)15p.23,21.IV8p.1oo,1.

226 4048 251 4116 7)
270 4045 356 4098 1380.
375 4045 402 4098 Π
416 4051 475 4098 284.
491 4051 550 4099 292.
570 4045 608 4098 ΠΙ
623 4051 681 4098 184.
702 4046 800 4100 7131.
822 4077 854 4085 —-
874 4046 912 4100 At
925 4044 1033 4099 Plinius
1049 4043 1119 4100 dicit
1131 4043 1212 4100 laeva
1224 4047 1305 4115 parto

134 4125 233 4179 mundi
252 4127 343 4181 ortum
363 4140 422 4179 esse
440 4125 466 4178 Π
480 4131 504 4191 0,
520 4131 561 4178 aa.
583 4131 623 4191 11,
640 4130 680 4178 50.
701 4130 818 4192 54141.

225 4207 252 4275 8)
272 4205 305 4258 cf.
326 4204 464 4259 Cleomed.
483 4223 511 4276 p.
533 4210 574 4272 13,
594 4212 636 4259 23.
656 4209 716 4273 208,
736 4210 769 4259 26
789 4205 889 4275 Ziegl.;
912 4206 1037 4261 Achilles
1055 4224 1082 4274 p.
1098 4211 1141 4273 62,
1156 4210 1180 4258 8.
1200 4210 1305 4273 72,13;

134 4285 271 4352 Anonym.
290 4285 316 4337 H
333 4304 360 4354 p.
378 4291 494 4354 13215.

226 4366 252 4434 9)
271 4365 355 4433 Apud
373 4365 448 4418 hunc
466 4365 630 4433 scriptorem
649 4364 739 4419 solum
758 4382 821 4419 cum
841 4365 913 4420 duae
932 4366 1088 4420 sententiae
1108 4364 1183 4419 inter
1200 4380 1230 4418 se
1249 4363 1305 4418 dis·

135 4446 282 4513 crepantes
301 4446 411 4498 exstent
429 4445 465 4514 (p.
482 4449 563 4511 1020,
579 4451 594 4497 3
609 4450 718 4511 ω132,
735 4447 786 4515 15),
806 4445 906 4499 seriem
924 4445 1088 4516 appendicis
1106 4441 1305 4514 interpolatam

133 4524 257 4582 Maassio
276 4524 458 4579 dissentiente
477 4524 556 4596 (prol.
576 4543 602 4593 p.
617 4524 716 4596 XXIII)
734 4527 838 4593 putem.

1059 4613 1093 4668 3*
