3194 5208
624 357 954 422 -23-·

308 519 347 581 Et
368 520 447 580 furto
471 519 611 602 Cycnum,
633 522 743 601 pietate
767 522 803 582 ad
827 522 925 584 sidera
949 523 1067 585 ductam

308 617 466 698 Erigonen,
489 621 609 697 ictuque
633 617 753 700 Nepam,
778 618 932 699 spolioque
956 620 1085 682 Leonem

307 713 345 774 Et
367 733 469 776 morsu
492 715 647 797 Cancrum,
670 716 771 778 Pisces
795 717 971 797 Cythereide
995 737 1089 799 versa,

307 811 486 891 Lanigerum
509 815 587 874 victo
611 814 769 875 ducentem
792 815 890 876 sidera
912 823 1003 896 ponto

242 906 471 989 aetatemque
495 929 532 970 ex
556 913 645 972 variis
667 913 826 992 pendentia
850 913 967 975 casibus
991 921 1070 975 astra

306 1008 433 1069 Aethera
455 1027 510 1087 per
533 1027 681 1070 summum
706 1010 861 1072 voluerunt
883 1013 940 1072 lixa
963 1012 1083 1073 revolvi.

307 1105 439 1176 Quorum
462 1106 644 1168 carminibus
667 1107 743 1169 nihil
765 1115 811 1170 est
833 1111 892 1169 nisi
915 1108 1012 1171 sabula
1038 1111 1153 1172 caelum

134 1283 136 1288 Ι
255 1253 258 1261 .
307 1203 434 1264 Terrave
457 1205 624 1283 composuit
646 1205 770 1286 caelum,
793 1224 868 1284 quae
891 1207 1001 1286 pendet
1024 1207 1060 1268 ab
1084 1208 1143 1269 illo.

146 1301 331 1379 Quamquam
353 1301 460 1361 horum
482 1308 617 1381 tempora
640 1297 869 1387 scriptoribus¹)
896 1311 981 1366 antea
1004 1312 1166 1385 posteaque
1190 1326 1318 1369 comme-

146 1400 269 1459 moratis
292 1401 490 1459 terminantur
512 1406 543 1458 ct
561 1402 680 1460 nomina
700 1399 859 1462 multorum
878 1412 1032 1481 poetarum
1051 1406 1317 1466 astronomicorum

88 1569 92 1573 ,
146 1504 235 1576 atque
259 1499 348 1557 etiam
371 1497 535 1575 fragmenta
558 1492 698 1583 tradita²)
722 1506 804 1580 sunt,
831 1507 930 1560 tamen
953 1501 1008 1561 hos
1032 1519 1136 1562 versus
1159 1501 1195 1561 ad
1218 1509 1316 1563 certos
1356 1519 1361 1526 ·

145 1595 259 1655 referre
282 1595 454 1676 nequimuS,
484 1613 553 1655 cum
575 1614 610 1655 ex
634 1595 694 1656 illis
718 1591 800 1680 alii³)
824 1617 933 1677 paucas
955 1604 1071 1660 tantum
1094 1599 1207 1661 fabulas
1230 1593 1315 1684 alii4)

146 1710 205 1752 non
234 1709 284 1775 cas
313 1698 453 1768 tractent,
481 1711 556 1771 quae
584 1693 634 1754 hic
662 1695 874 1772 significantur.
920 1695 1024 1776 ltaque
1052 1715 1155 1758 versus
1184 1716 1222 1757 ne
1250 1717 1316 1777 pre-

145 1807 261 1851 mamus
292 1789 343 1850 sed
371 1777 536 1851 iudicemus
554 1791 715 1871 Manilium
743 1810 847 1852 omnes
874 1802 977 1872 poetas
1004 1793 1232 1875 Alexandrinos,
1265 1798 1318 1875 qui

146 1887 267 1966 quidem
294 1886 408 1947 fabulas
436 1887 568 1948 siderum
596 1889 763 1968 figurasque
788 1887 1019 1971 celebraverant,
1050 1891 1191 1952 neclectis
1216 1894 1316 1970 singu-

144 1983 243 2045 lorum
274 1983 391 2045 iuribus
424 1987 455 2044 in
485 2003 575 2045 unam
604 1985 744 2046 familiam
774 2005 978 2065 congregasse.
1024 1986 1106 2048 Hanc
1137 1992 1317 2056 sententiam

144 2081 272 2161 probant
303 2081 392 2142 verba
424 2078 556 2160 ‘quidam
589 2080 701 2143 dixere'
736 2077 853 2168 (125)
887 2091 916 2144 et
949 2081 1088 2164 ‘quorum
1121 2083 1315 2146 carminibus’

147 2173 264 2262 (131)
289 2186 377 2258 atque
402 2172 506 2262 ordo⁵)
531 2182 732 2241 narrationum
757 2183 916 2242 inusitatus
940 2183 992 2243 sed
1019 2183 1256 2244 accommodatus
1280 2183 1315 2244 ad

144 2278 328 2337 memoriam.
374 2277 512 2338 Testatur
535 2279 626 2356 igitur
648 2287 735 2357 poeta
759 2286 885 2359 utroque
909 2279 988 2360 loco,
1016 2280 1094 2359 quod
1123 2280 1235 2342 dudum
1259 2283 1315 2342 sci-

144 2375 250 2454 vimus,
274 2391 305 2433 se
326 2373 591 2436 Alexandrinorum
615 2375 799 2454 quorundam
823 2379 954 2436 carmina
977 2379 1174 2438 astronomica
1197 2376 1314 2457 legisse.

234 2471 334 2531 'lertio
362 2469 427 2531 loco
450 2471 587 2534 Manilius
610 2472 774 2534 defectibus
798 2472 869 2533 solis
892 2472 1038 2555 lunaeque
1062 2474 1215 2554 explicatis
1242 2475 1316 2536 dicit

145 2567 181 2628 lV
200 2563 264 2632 848
289 2564 436 2648 ‘ecliptica
466 2572 549 2648 sigua
572 2570 675 2631 dixere
698 2568 831 2650 antiqui’.
878 2571 957 2632 Haeo
985 2571 1073 2632 verba
1101 2590 1155 2650 per
1183 2591 1215 2633 se
1244 2575 1314 2633 sim·

144 2664 232 2744 plicia
260 2668 379 2726 maximi
406 2669 549 2727 momenti
577 2675 659 2748 sunt,
687 2669 768 2746 quod
793 2668 900 2729 iisdem
924 2668 1026 2728 cadem
1051 2668 1210 2746 disputatio
1233 2669 1315 2730 Arati

235 2839 261 2907 1)
280 2837 413 2891 Manilius
431 2838 556 2907 loquitur
574 2840 610 2892 de
628 2837 748 2894 Homero
766 2845 907 2912 v.1sqq.·;
926 2840 961 2893 de
979 2838 1103 2894 Hesiodo
1121 2858 1145 2894 v.
1162 2845 1193 2893 11
1205 2858 1264 2908 sqq.
1281 2873 1314 2882 —

145 2923 191 2985 243
211 2918 247 2972 de
260 2917 408 2972 Tbeocrito
422 2936 446 2971 v.
462 2923 575 2975 39-42.
609 2918 715 2984 Quibus
733 2919 824 2988 poetis
838 2919 1035 2994 alexandrinis
1053 2935 1147 2973 versus
1166 2923 1315 2987 sequentes

145 2999 270 3074 (43-745)
290 2997 467 3052 adscribendi
486 2998 543 3052 sint
562 2997 593 3052 G.
612 2998 1237 3070 11111111(Α111.Α1111111110-11111ρ.12)
1256 3016 1315 3054 rec-

144 3078 200 3132 tins
220 3077 315 3131 docuit
334 3093 419 3145 quam
438 3076 554 3131 Schulne
573 3080 652 3148 (mus.
672 3078 748 3132 rheu.
769 3082 968 3154 51141111).

232 3159 259 3226 2)
278 3156 388 3224 Eorum,
409 3157 457 3224 qui
473 3156 670 3212 Phaenomena
688 3158 866 3227 scripserunt,
886 3159 916 3212 in
935 3175 1048 3214 censum
1066 3158 1182 3214 veniunt
1200 3159 1230 3213 hi
1248 3177 1314 3229 poe-

143 3239 203 3292 tae:
218 3236 413 3302 Callimachus,
428 3237 582 3304 Anacreon,
597 3237 762 3303 Alexander,
777 3238 964 3308 Hegesianax,
978 3237 1147 3308 Hermippus
1162 3238 1207 3309 (cf.
1221 3239 1314 3294 Maass

143 3317 220 3371 Aret.
235 3335 263 3385 p.
280 3322 328 3370 121
340 3318 419 3387 sqq.).
453 3316 497 3368 Ad
511 3316 562 3371 hos
576 3319 642 3372 sunt
656 3317 803 3372 afferendi:
823 3318 1011 3387 Epimenides,
1031 3318 1238 3386 Eratosthenes,
1257 3319 1314 3373 Ps-

142 3397 289 3452 Hesiodus.

232 3478 258 3546 3)
278 3475 465 3531 Callimachus
483 3477 616 3532 tractavit
634 3477 748 3532 Comam
761 3477 916 3544 Berenices,
936 3477 1116 3547 Epimenides
1130 3477 1241 3536 fabulas
1255 3494 1314 3532 cre-

142 3556 223 3625 ticos,
241 3555 440 3611 Eratosthenes
458 3556 611 3611 Icarienses
629 3557 670 3626 (in
688 3557 821 3628 Erigone)
841 3559 869 3612 et
887 3557 1079 3622 Mercuriales,
1103 3573 1176 3626 quae
1195 3558 1260 3611 sunt
1278 3558 1313 3612 de

143 3627 217 3704 Lyra
235 3637 264 3690 et
281 3636 372 3690 lacteo
391 3636 465 3691 orbe.
499 3635 544 3689 Ad
557 3637 769 3690 Ps-Hesiodum
788 3639 863 3694 certo
877 3637 1036 3692 reducimus
1051 3635 1125 3690 solas
1139 3637 1313 3692 narrationes

143 3716 178 3769 de
197 3715 326 3781 Callisto,
346 3716 448 3771 Orione
466 3716 675 3786 Pliadibusque.
714 3717 770 3770 Sub
790 3716 974 3771 Anacreontis
993 3716 1105 3770 nomine
1124 3716 1253 3787 Hyginus
1271 3733 1313 3771 re-

142 3796 198 3849 fert
215 3795 343 3849 fabulam
361 3796 396 3850 de
415 3796 549 3850 Geniculo
569 3796 634 3865 (uc
652 3814 680 3864 p.
696 3799 748 3867 42),
769 3797 820 3850 sub
839 3797 992 3851 Alexandri
1010 3797 1045 3850 de
1063 3796 1210 3866 Hya'dibus
1229 3797 1311 3867 (1121

141 3893 168 3944 p.
185 3877 237 3944 63),
258 3874 359 3943 quibus
379 3874 517 3929 sideribus
535 3876 582 3929 hic
600 3877 685 3944 poeta
703 3877 877 3932 narrationes
895 3893 952 3930 non
971 3876 1127 3944 adscripsit.

232 3956 259 4023 4)
278 3954 364 4009 Nulla
386 3954 484 4010 fabula
510 3957 559 4009 aut
581 3955 729 4024 Hermippi
755 3958 805 4010 aut
826 3956 1039 4026 Hegesianactis
1066 3955 1142 4024 apud
1164 3955 1313 4008 Manilium

140 4035 259 4104 legitur,
283 4051 319 4088 ne
342 4050 438 4089 earum
457 4035 571 4104 quidem
588 4035 660 4101 ulla,
684 4052 754 4102 quas
773 4036 811 4088 ad
828 4035 891 4090 illos
909 4035 1015 4090 Robert
1032 4035 1217 4104 probabiliter
1235 4051 1312 4090 revo-

141 4114 217 4168 cavit
236 4115 272 4183 (p.
288 4119 339 4166 222
350 4116 412 4184 sq.).
800 4179 808 4194 ·

231 4195 258 4263 5)
276 4193 424 4249 Praecedit
432 4193 627 4249 Andromedae
641 4194 758 4262 familia,
774 4197 905 4250 secuntur
917 4195 989 4250 Iovis
1004 4211 1111 4249 amores
1125 4193 1310 4263 nutricesque‚

141 4273 381 4328 enumerationem
399 4274 462 4329 finit
479 4275 621 4340 zodiacus,
645 4276 675 4329 in
694 4292 749 4344 quo
767 4276 830 4344 ipso
848 4275 962 4330 fabulae
981 4276 1133 4331 secundum
1152 4275 1218 4328 deos
1238 4291 1312 4330 com,-

140 4353 252 4423 positae
270 4355 336 4407 sunt
354 4353 490 4422 (Bacchus
510 4355 667 4426 [Erigone],
691 4355 782 4410 Diana
802 4355 918 4427 [Nepa],
937 4355 1070 4410 Hercules
1090 4355 1165 4425 [Leo,
1186 4352 1309 4426 Cancer],
1341 4347 1348 4360 “

140 4432 236 4488 Venus
256 4433 381 4505 [Pisces],
400 4433 518 4488 Phrixus
536 4434 606 4489 deae
624 4434 698 4490 filius
717 4435 839 4507 [Aries]).
